3017 4859
264 363 309 429 14
511 432 516 438 ,
683 378 733 425 ou
750 375 945 426 'nuruorro

264 521 382 587 toricis
408 521 543 597 dicitur,
567 520 617 586 uti
642 518 816 586 atlanticis
841 522 1082 604 posterioribus
1098 518 1364 604 sapientissimae-¹¹

267 625 435 690 Praeterea
447 642 525 687 vero
539 623 639 686 etiam
654 620 712 686 alii
721 620 916 705 Eutropium
928 631 1073 688 nostrum
1088 625 1140 687 vel
1155 623 1362 706 simpliciter,

264 728 318 791 vel
332 725 465 808 adjecta
475 724 624 788 historiae
639 729 673 787 et
686 724 884 788 narrationis
899 723 1076 806 cujusdam
1089 726 1256 789 notatione
1271 743 1364 790 eoru·

263 836 457 905 memorant,
488 848 509 891 e
544 828 665 910 quihus
695 827 809 890 iudico
837 823 984 903 Βοᾶειιιι,Ι
1012 823 1254 903 Flodoardum,j
1276 826 1361 892 Leo·

261 950 337 995 nem
371 925 584 1005 Ostiensem,k
624 927 863 1010 Goographum
896 924 1152 1002 Ravennatem,l
1194 927 1362 996 Ioannem

262 1030 561 1096 Sarisheriensemm
584 1039 619 1093 et
634 1036 805 1093 auctorem
826 1027 982 1094 Chronici
998 1030 1153 1111 Bergion·
1197 1031 1247 1096 Iis
1262 1029 1361 1094 forsi-

259 1143 317 1199 tan
329 1133 464 1217 adjungi
478 1140 593 1214 potest
606 1131 822 1213 Stephanus,⁰
837 1129 906 1212 qui,
921 1135 959 1193 ut
974 1128 1205 1213 Carthaginem
1218 1132 1360 1200 etiamiu

260 1234 418 1300 Armenia
437 1236 544 1300 fuisse
566 1234 695 1316 prohat,
719 1231 915 1315 Eutropium
931 1240 1044 1298 testem
1059 1234 1223 1316 producit
1268 1232 1359 1302 Nan

257 1339 336 1403 licet
349 1338 384 1402 id
398 1356 562 1421 nusquam
584 1335 674 1419 apud
697 1334 897 1418 Eutropium
917 1344 1065 1400 nostrum
1086 1337 1282 1413 inveniatur,
1307 1349 1359 1401 re·

258 1443 388 1524 spicere
410 1446 520 1505 tamen
544 1437 670 1502 ridetur
690 1438 801 1502 locum
819 1438 995 1515 illumi’in
1017 1457 1086 1520 quo
1112 1437 1245 1502 Cottam
1265 1438 1357 1523 apud

258 1540 503 1607 chalcedonem
521 1540 646 1604 victum
661 1558 736 1604 esse
758 1547 879 1605 narrat·
923 1539 990 1605 Pro
1012 1539 1221 1605 Chalcedone
1246 1547 1357 1608 autem

257 1644 418 1709 Paeanius
432 1645 467 1706 in
481 1640 606 1706 Codice
628 1660 691 1704 suo
713 1641 834 1722 legisse
855 1642 985 1706 videtur
1007 1640 1187 1723 Carthago,
1203 1647 1261 1708 aut
1280 1642 1356 1725 ipse

256 1751 375 1829 postea
395 1749 571 1825 corruptus
593 1747 655 1806 est.
698 1742 754 1807 Ita
775 1745 863 1807 enim
887 1744 998 1808 iocum
1019 1746 1054 1807 in
1068 1745 1218 1808 versione
1233 1741 1354 1808 Codex

257 1844 389 1910 Paeanii
400 1844 553 1909 exhibet:
575 1844 626 1926 πρὸ
638 1840 818 1928 Καρχηδόνος
830 1848 879 1919 τῆς
896 1845 938 1907 ἐπὶ
952 1855 993 1931 τῷ
1006 1841 1155 1930 Βοσπόρῳ.
1178 1843 1289 1927 Atque
1301 1844 1354 1909 nic

254 1947 373 2012 incidit
386 1948 421 2009 in
434 1946 533 2010 talem
548 1943 706 2009 Codicem
721 1946 920 2028 Stephanus,
936 1947 1025 2030 quod
1039 1953 1073 2011 et
1087 1947 1220 2011 adeum
1234 1945 1354 2011 existi-

254 2055 325 2113 mat
349 2046 533 2111 Berkelius.
579 2046 697 2129 Neque
727 2054 836 2111 tamen
859 2068 920 2130 pro
943 2054 1032 2113 certo
1054 2047 1207 2112 affirmari
1229 2053 1351 2130 potest,

253 2149 341 2233 quod
361 2155 394 2213 et
407 2148 514 2213 innuit
527 2148 736 2232 Sylhurgius‚
753 2167 798 2213 au
817 2148 1013 2233 Eutropium
1028 2157 1176 2215 nostrum
1188 2149 1244 2213 ille
1258 2148 1352 2213 intel·

251 2251 394 2326 tenerit,q
406 2251 482 2315 cum
496 2271 536 2313 ne
551 2251 600 2314 sic
612 2251 749 2332 quidem
762 2258 935 2334 appareat,
947 2254 1005 2334 qni
1017 2252 1181 2335 Bosphori
1195 2252 1291 2316 locus
1306 2247 1351 2314 ad

188 2377 193 2384 ·
251 2351 442 2416 Armeniam
465 2353 562 2417 unice
586 2353 698 2418 referri
719 2354 840 2437 possit·
885 2352 1000 2436 Quare
1015 2357 1115 2420 etiam
1130 2352 1292 2422 cessuim
1305 2372 1349 2420 ex

248 2453 378 2520 Latinis
400 2453 524 2518 Graeca
545 2453 589 2517 ad
612 2472 723 2516 reram
745 2454 908 2520 rationem
928 2458 1111 2535 revocarit,
1134 2457 1242 2524 etsie
1263 2456 1348 2522 Bos·

248 2556 355 2638 phoro
369 2554 512 2620 Thracio
526 2552 739 2619 Chalcedotm
748 2575 843 2621 sumn
858 2558 1047 2625 vindicavit.

741 2753 854 2804 Nom

245 2862 397 2913 Suetonium
409 2877 435 2926 p.
446 2866 484 2912 18.
518 2861 672 2914 Pausaniam
689 2879 716 2929 p.
733 2867 775 2918 86.
816 2866 899 2920 danie
911 2869 1144 2933 Dardanorumque
1161 2866 1258 2918 mentio
1275 2867 1346 2918 onds

244 2940 312 2989 huuc
321 2940 425 3004 quidem
435 2938 540 3002 adjecto
551 2940 653 2989 nomine
669 2941 776 2993 chrono·
815 2945 940 3009 injicitur,
961 2954 1007 2996 aut
1026 2948 1104 2995 atium
1128 2942 1231 2994 ridetur
1251 2937 1363 2993 intelli·'

245 3014 344 3078 graphi,
355 3014 423 3078 quod
439 3020 468 3064 et
488 3011 551 3064 iacit
567 3016 593 3064 in
616 3015 728 3080 Didymo
749 3033 774 3081 p.
815 3036 886 3083 gere,
903 3029 948 3071 aut
965 3030 1053 3072 noster
1075 3020 1199 3084 ejusmodi
1216 3020 1295 3069 etiam
1315 3017 1346 3067 lt·

243 3093 284 3139 tt.
300 3096 327 3137 et
339 3089 365 3138 ia
376 3088 440 3140 aliis.
473 3087 580 3140 ltahaee
593 3106 643 3140 vox
662 3094 776 3144 occurrit
814 3096 1063 3163 bromcomeriprit.
1096 3094 1344 3160 cipautopmtdt
1380 3109 1384 3118 ·

243 3165 269 3213 tn
281 3166 377 3214 chron.
387 3165 479 3215 Pasch.
495 3181 521 3230 p.
532 3171 572 3217 td.
585 3169 651 3217 Veri.
660 3175 696 3218 et
706 3170 773 3219 aliis.
813 3173 954 3237 Stephano.

275 3236 287 3272 ¹²
301 3239 345 3290 Sic
364 3241 473 3290 orosium
492 3243 708 3305 sapientissimum
729 3260 772 3295 ro·
844 3256 863 3282 ¹·
879 3250 910 3300 1n
923 3247 1088 3313 polycratico
1099 3260 1160 3297 rur.
1170 3251 1211 3297 21.

242 3321 287 3365 cat
304 3316 475 3380 Geogrnphus
496 3317 634 3367 Ravennae
650 3323 726 3370 mhi).
743 3328 771 3371 et
844 3325 910 3373 ¹'in
945 3324 1052 3374 Pistorii
1088 3323 1222 3385 scriptorr.
1255 3337 1341 3372 rerum

240 3391 386 3441 ssibluliot·
645 3443 652 3455 ,
811 3400 934 3449 German.
954 3401 1079 3448 Tomm.
1096 3402 1158 3460 pr.
1190 3399 1230 3448 Ex
1247 3400 1342 3448 Eutro-

275 3464 282 3499 ¹
298 3467 327 3517 ln
340 3468 398 3516 thr.
410 3467 509 3531 ¹tuglic.
521 3468 564 3519 lib.
576 3483 595 3519 r.
607 3484 629 3518 c.
643 3475 682 3521 11.
810 3475 855 3539 pio
865 3475 933 3524 enim
945 3476 1015 3524 iocus
1026 3474 1062 3522 ihi
1074 3472 1213 3534 iudicatur,
1231 3476 1281 3523 etri
1292 3488 1340 3538 pro

269 3542 328 3593 tln
358 3544 420 3595 hiat.
447 3544 541 3595 eccles.
566 3546 702 3597 Rhemum.
724 3546 769 3597 lib.
810 3551 855 3601 iih.
865 3564 904 3600 rx.
921 3548 1028 3599 affertur
1041 3547 1085 3597 tih.
1097 3561 1124 3598 x.
1141 3550 1179 3598 uti
1196 3549 1273 3599 hodie
1285 3550 1340 3599 rui·

239 3634 260 3670 r.
270 3635 294 3671 c.
304 3635 324 3671 r.
807 3640 841 3689 go
851 3627 926 3688 rotet,
944 3632 1014 3674 etex
1027 3625 1132 3673 Victore
1144 3625 1228 3674 aliena
1246 3624 1340 3677 admit·

271 3695 330 3746 'iu
363 3697 485 3747 chronico
516 3699 668 3750 monasterii
697 3699 770 3751 Casi-
808 3707 908 3768 centur.
941 3701 1043 3763 Nempe
1055 3700 1236 3762 interpolatum
1246 3701 1340 3751 Eutro-

237 3773 323 3838 nepsis
335 3786 353 3821 r.
364 3778 404 3823 17.
808 3775 878 3840 pium
898 3774 989 3824 hahuit
1008 3785 1099 3823 auctor
1119 3776 1239 3824 chronici
1260 3776 1338 3838 inim,

270 3841 337 3899 'rvr
362 3856 386 3899 ⁵.
412 3850 455 3916 qai
481 3851 508 3901 iu
533 3851 767 3903 Dardaniae'eom·
807 3854 852 3916 qni
874 3852 970 3900 uculo
983 3855 1022 3900 15.
1041 3851 1154 3912 scripsit,
1174 3853 1212 3901 uti
1226 3860 1337 3916 apparet

235 3927 419 3978 memoratione
450 3944 509 3978 enm
537 3945 595 3979 cnm
621 3931 765 3994 Porphyrio
806 3944 839 3976 ex
850 3930 906 3977 ioco
917 3929 1005 3992 aliquo
1018 3943 1042 3991 p.
1053 3931 1110 3977 tto.
1120 3927 1164 3976 uhi
1176 3931 1337 3980 ennutltu.

235 4013 264 4052 et
282 4003 390 4053 Libanio
412 4004 565 4068 conjungit;
590 4022 654 4071 quot
676 4008 765 4055 hicet
805 4013 969 4053 memoratur.

234 4079 297 4129 stibi
310 4079 334 4128 in
347 4081 478 4140 regionum
494 4081 699 4143 descriptoribus
716 4095 763 4130 mr·
835 4087 848 4113 0
867 4081 909 4129 De
921 4080 1028 4129 urbibus
1038 4096 1060 4129 a.
1070 4092 1098 4128 v.
1115 4078 1253 4143 Κῳχηδόν.

233 4162 327 4205 mern.
359 4157 438 4207 Quod
457 4172 514 4206 cnm
530 4171 563 4206 ex
583 4157 702 4220 Eutropii
713 4157 764 4206 hta·
837 4163 905 4207 ivr.
921 4161 947 4207 o.
1038 4154 1041 4158 ’

233 4230 302 4284 toris
310 4230 370 4282 etiei
382 4246 432 4282 nou
444 4233 534 4297 possit,
545 4233 571 4282 in
581 4247 631 4299 qut
642 4241 684 4284 ter
696 4232 764 4282 Dar·
836 4237 849 4273 t
865 4229 907 4282 Os.
916 4246 973 4297 qun
985 4230 1123 4282 dictatum
1132 4237 1187 4285 not.
1195 4236 1237 4284 ω.
