3017 4859
249 379 295 445 26
670 395 719 442 nu
743 394 932 444 nurnorm

249 539 415 604 transferri
437 543 593 622 possunt.
640 536 681 601 In
704 540 810 621 primo
830 545 940 602 tamen
962 538 1038 602 loco
1056 536 1209 621 ponenda
1228 535 1283 602 hic
1296 542 1349 602 est

250 638 378 704 historia
393 638 536 716 miscella,
560 660 638 723 quae
656 639 807 723 Eutropii
825 641 999 705 historiam
1019 659 1086 704 uon
1106 638 1216 702 solum
1231 637 1349 703 iisdem

250 744 373 819 verbis
396 744 457 806 etsi
480 742 546 805 alia
560 743 665 805 multa
690 752 806 805 assuat
822 744 872 805 rel
894 746 1079 817 intertexab
1103 741 1221 816 reddit,
1243 741 1349 806 sedet

252 845 296 907 ab
321 843 417 907 initio
443 849 541 925 auget
566 851 601 907 ct
627 844 854 908 adulteriora
881 854 1032 928 tempora
1055 843 1271 927 persequitur.
1316 842 1349 906 A

248 944 340 1010 Jano
354 947 452 1023 euim,
465 965 565 1028 quem
579 946 722 1028 primum
741 947 823 1009 facit
845 946 953 1011 ltaliae
975 965 1095 1028 regem,
1110 943 1298 1019 exorditur,
1315 951 1349 1007 et

250 1047 287 1109 in
302 1048 410 1129 primo
424 1065 511 1111 auno
528 1046 744 1129 imperatoris
761 1048 885 1111 Leonis
900 1046 1038 1111 Armeni
1054 1047 1217 1110 subsistit.
1255 1044 1352 1110 Errat

251 1151 352 1231 igitur
365 1149 539 1226 Gruterus
561 1149 615 1212 vel
630 1169 803 1231 perperam
818 1168 980 1213 excusum
993 1154 1045 1212 est
1068 1149 1103 1211 in
1115 1148 1264 1212 historiae
1277 1147 1349 1211 Au·

251 1259 358 1333 gmtae
373 1252 591 1334 scriptoribus
606 1252 788 1314 minoribus
805 1250 949 1327 Latinis,
972 1252 1006 1314 in
1021 1250 1159 1333 quibusc
1178 1251 1350 1315 historiam

251 1353 815 1418 miscellamadannumDominicae
826 1352 1350 1435 meamnmrswaperducam

136 1487 151 1546 .'
250 1473 325 1518 esse
350 1457 476 1520 scribit.
520 1456 640 1520 Sedet
663 1456 751 1539 quod
775 1453 848 1521 ulii*¹
870 1456 1011 1521 referunt
1024 1455 1068 1520 ad
1081 1474 1202 1519 aunum
1216 1454 1292 1519 816.
1308 1455 1350 1519 de

251 1576 319 1621 arra
334 1554 572 1636 Alexandrina,
588 1579 687 1641 quam
703 1561 853 1642 sequitur
867 1559 1088 1641 Theophanes
1102 1558 1243 1640 ejusque
1254 1559 1351 1621 inter,

251 1677 328 1740 pres
343 1657 558 1739 Anastasius,
581 1662 720 1744 intelligi
735 1661 846 1726 debet.
892 1660 980 1739 Quae
1005 1679 1082 1724 cnm
1104 1679 1126 1723 a
1142 1659 1351 1743 Dionysiana

250 1760 282 1824 7.
298 1762 394 1824 annis
409 1753 588 1846 discrepet,
606 1765 732 1829 usitata
745 1764 881 1845 quidem
901 1769 937 1826 et
957 1769 1093 1845 recepta
1106 1762 1233 1825 ratioee
1246 1777 1351 1824 annes

249 1862 458 1944 reponendus
470 1865 535 1927 erit
547 1864 624 1929 813.
669 1864 753 1947 Ipsa
779 1872 892 1928 autem
915 1864 1034 1928 sortita
1056 1863 1197 1927 esthon
1221 1881 1348 1938 nomeu,

250 1965 328 2046 quia
342 1985 386 2029 ex
400 1968 503 2030 variis
517 1968 709 2031 unctoribus
729 1967 870 2032 collecta
890 1972 923 2030 et
945 1967 1158 2048 expertibus
1172 1966 1349 2029 commista

250 2068 286 2130 iu
310 2087 412 2130 uuum
436 2070 532 2149 quasi
557 2070 702 2134 historiae
731 2089 856 2153 corpus
880 2069 1012 2150 redigit.
1068 2067 1250 2132 Auctorem
1276 2067 1350 2148 ejus

251 2168 401 2251 plerique
415 2169 543 2234 faciunt
558 2172 711 2236 Paullum
724 2172 1000 2248 warnefridum:
1016 2172 1068 2234 vel
1079 2171 1200 2234 rectius
1210 2167 1352 2233 Wnrue·

250 2269 340 2347 iridi,
368 2291 416 2334 sc.
442 2272 558 2352 filium,
584 2293 694 2356 quem,
721 2276 801 2357 qnia
831 2275 941 2338 Caroli
970 2272 1021 2337 Μ.
1050 2279 1149 2337 aetate
1176 2271 1350 2334 Diacouus

250 2369 477 2455 Aquileiensis
493 2375 568 2452 suit,
592 2376 695 2440 immo
719 2376 824 2439 luisse
839 2376 941 2457 vulgo
965 2381 1109 2457 putatur,
1134 2372 1235 2454 vulgo
1249 2373 1350 2436 etiam

250 2472 404 2538 Paullum
421 2475 610 2541 Diaconum
623 2485 754 2542 vocant
799 2477 908 2541 Pauci
922 2478 1010 2541 enirn
1033 2478 1068 2540 in
1088 2495 1129 2540 eo
1144 2475 1350 2552 dissentiunt,

250 2576 283 2640 in
297 2577 423 2658 quibus
438 2578 494 2642 Du
508 2575 595 2654 Pin,‘
607 2580 665 2661 qui
677 2577 846 2643 Anastasii
859 2597 963 2661 opera
977 2597 1052 2644 eam
1067 2578 1251 2642 oonfoetam
1262 2577 1350 2640 arbi·

251 2682 364 2757 tratur,
379 2682 442 2744 etsi
456 2699 477 2743 a
491 2679 609 2744 Paullo
620 2679 819 2762 Eutropium
832 2687 966 2744 auctum
977 2681 1082 2745 fuisse
1093 2680 1225 2743 minime
1238 2685 1350 2760 negat,

250 2785 285 2843 et
303 2778 490 2857 Βιιιοιιὶιιε,8
504 2781 562 2864 qui
576 2780 773 2863 Theophani
786 2782 947 2845 attribuit.
979 2781 1085 2846 Falso
1099 2789 1245 2862 uterque.
1278 2779 1351 2843 Etsi

250 2881 339 2944 enirn
348 2880 496 2946 Vossius
509 2882 689 2956 contendit,
700 2881 882 2946 Barouium
893 2891 970 2967 post
981 2884 1349 2949 FrontureurDueaeum

250 2980 359 3045 idnon
373 2983 417 3046 de
427 2989 500 3048 totu
511 2984 650 3046 historia
662 2983 811 3046 miscella
819 2984 1071 3067 judicasse,sed
1087 2985 1129 3049 de
1140 2985 1214 3067 ejus
1224 2989 1352 3066 poetro

249 3084 314 3147 ruis
338 3085 443 3162 libris,
470 3086 548 3168 ipsu
573 3092 684 3150 tamen
711 3085 849 3150 Barouii
875 3088 978 3152 rerba
1001 3106 1076 3151 eam
1100 3087 1350 3152 excusationem

745 3325 856 3376 NOTAE

282 3484 293 3510 e
310 3476 342 3529 P.
352 3479 410 3527 nr.
821 3497 863 3532 rus
875 3482 909 3532 nd
927 3483 1035 3532 Petrum
1044 3481 1191 3532 Diaconum
1209 3479 1352 3530 devirisil·

282 3549 399 3603 dVeluti
414 3554 532 3605 Caninius
546 3557 571 3605 in
583 3556 697 3606 editione
715 3559 780 3623 ejus,
820 3560 894 3608 lustr.
927 3557 1108 3609 casinensibus
1130 3560 1191 3606 c.8.
1225 3556 1352 3606 Ilumber-

250 3627 382 3678 Pubricins
400 3630 428 3679 lu
447 3629 508 3679 bibl.
520 3631 613 3680 Lurius
624 3647 646 3681 c.
659 3633 676 3682 Ι.
687 3647 712 3696 p.
725 3637 780 3683 184.
821 3650 898 3699 gerne
909 3635 935 3683 in
948 3634 1108 3683 Nrrhn'chter
1118 3646 1163 3682 eon
1176 3633 1221 3681 den
1232 3633 1352 3682 mehin-

249 3705 412 3769 Verheykiur
423 3706 450 3756 ln
461 3705 564 3771 prefer.
584 3707 616 3757 ad
634 3709 742 3774 Eutrnp.
754 3724 781 3774 p.
821 3717 874 3761 stes
884 3709 1072 3770 Sekiftaedtm
1081 3710 1152 3757 'l'onu
1165 3720 1208 3757 ιιι.
1221 3721 1246 3771 p.
1256 3712 1314 3758 484.
1322 3715 1351 3759 et

252 3786 328 3833 14.-
822 3782 1262 3836 Saxiusinnomnsticoliterario
1280 3785 1352 3835 Turn.

281 3865 293 3892 ⁶
317 3860 360 3908 De
379 3860 471 3909 Paullo
486 3861 604 3910 Diacono
624 3861 782 3911 dissertatio·
821 3875 852 3911 rr.
870 3876 896 3926 p.
906 3866 947 3911 9⁰.

250 3947 308 3983 nem
337 3935 441 3997 scripsit
467 3935 500 3985 (l.
527 3935 660 3998 Mollenu,
685 3935 781 3986 Altorf.
854 3934 1186 3987 ‘lubibliothecnuctoa
1205 3937 1350 3989 ecclesiast.

250 4015 324 4062 losa.
335 4017 360 4061 4.
394 4012 477 4074 Alios,
498 4012 542 4077 qul
562 4011 595 4061 de
611 4011 669 4076 ejus
686 4013 780 4062 vitaer
820 4014 893 4063 Τοιιι.
905 4027 941 4062 vr.
952 4028 977 4076 p.
989 4016 1045 4062 114.

249 4087 323 4138 libris
333 4097 519 4152 exposuerunt,
536 4088 716 4139 iudicaverunt
729 4089 781 4139 Nu·
853 4097 865 4132 t
882 4090 913 4138 ln
924 4089 1057 4140 annalibus
1068 4089 1103 4139 ud
1113 4104 1174 4140 run.
1184 4094 1241 4141 718.
1251 4096 1280 4141 et
1291 4094 1348 4143 786.

250 4162 309 4212 talis
325 4162 475 4213 Alexander
491 4164 518 4213 ln
529 4163 588 4215 hin.
600 4166 692 4215 eccles.
707 4165 781 4215 Pom.
821 4163 856 4215 ef.
876 4165 1049 4215 Dellarmlnns
1067 4166 1101 4215 de
1112 4167 1352 4233 scriptorisecclei.

251 4251 279 4289 v.
287 4252 346 4290 rna
355 4243 381 4291 8.
395 4252 454 4305 cup.
464 4243 490 4289 8.
500 4244 551 4290 arta
559 4242 585 4289 8.
593 4254 619 4305 p.
630 4241 689 4289 881.
723 4239 781 4288 hle·
821 4241 893 4308 (Col.
903 4239 988 4309 1884.)
1003 4256 1031 4306 p.
1042 4246 1099 4295 148.
