3017 4859
651 381 734 430 cnr.
759 379 828 430 ru.
1245 364 1289 431 21

187 525 310 609 signet,
326 525 378 592 rei
401 527 495 610 ipsos
514 544 671 590 annorum
684 544 841 590 numeros
862 531 1021 608 opponet.
1064 525 1153 589 Tum
1167 543 1188 589 a
1202 524 1289 590 libro

188 628 267 693 indo
281 630 437 713 septimo,
452 648 529 693 cum
550 629 596 692 ad
620 629 823 711 singulorum
847 629 1020 693 arbitrium
1034 635 1068 693 et
1084 627 1288 692 dominatum

187 749 240 794 res
255 731 394 813 publicu
419 731 550 814 relapsu
562 737 661 809 osset,
676 731 720 794 ad
742 731 884 814 priorem
899 733 1059 795 rationem
1071 728 1167 808 redit,
1182 735 1218 793 ct
1230 748 1290 812 per

187 831 378 915 principum
391 832 481 897 ritus
495 834 640 915 plurium
654 851 815 896 unuorum
830 853 884 898 res
898 840 1011 917 gestus
1024 832 1156 914 digerit,
1171 832 1205 895 in
1220 851 1288 915 quo

188 931 335 1014 quidem,
350 934 380 997 si
395 951 559 999 summum
580 953 695 998 earum
720 939 863 1018 spectes,
886 934 1054 1000 difficilius
1079 933 1143 998 suit
1166 953 1287 998 errare.

190 1031 318 1099 Contra
329 1038 451 1114 evenit,
465 1038 523 1101 ubi
543 1037 690 1118 singulos
710 1056 817 1101 annos
831 1039 974 1102 numeris
988 1037 1135 1101 maxime
1149 1036 1288 1114 indicat,

189 1135 316 1218 quippe
330 1140 399 1221 qui,
414 1157 481 1203 uon
504 1139 619 1218 literis,
634 1139 693 1204 sed
707 1141 813 1222 signis
828 1141 883 1205 vel
899 1141 990 1205 notis
1005 1140 1174 1224 expressi,
1188 1138 1289 1204 facile

188 1258 211 1302 a
233 1238 444 1305 librariorum
471 1241 647 1305 incuriosis
670 1243 826 1307 manibus
850 1243 958 1307 vitiari
980 1241 1087 1307 solent
1106 1248 1142 1305 et
1164 1239 1288 1325 disjici,

188 1341 280 1423 quod
294 1348 329 1405 et
343 1344 378 1405 iu
388 1348 505 1407 nostro
519 1362 615 1426 soepe
629 1344 756 1409 suctum
783 1364 858 1409 esse
880 1363 964 1408 usus
990 1343 1103 1422 docet,
1119 1347 1166 1421 ut,
1188 1361 1289 1426 quum

186 1443 391 1525 supputandi
409 1444 574 1510 rationem
589 1453 725 1511 seonms
738 1448 796 1512 ille
811 1448 866 1525 sit,
880 1447 1016 1511 minime
1034 1450 1094 1511 eut
1115 1464 1203 1527 segre
1219 1449 1288 1509 stu-

186 1548 276 1608 tuere
302 1545 413 1625 liceat,
438 1546 480 1610 de
505 1567 574 1632 quo
598 1547 750 1613 monendi
775 1550 810 1613 in
835 1551 910 1633 ipso
932 1546 1173 1613 commentario
1195 1565 1289 1631 saepe

186 1651 405 1716 occasionem
426 1652 481 1716 rel
507 1652 735 1717 nenessitatem
762 1652 932 1737 objectum
956 1670 1033 1716 esse
1060 1650 1162 1714 sensi.
1205 1649 1290 1714 Sunt

186 1755 308 1830 tumen,
321 1754 381 1817 ubi
405 1751 551 1818 Codices
576 1756 766 1833 concinunt,
781 1774 859 1838 quae
880 1753 1043 1819 Varronis
1061 1754 1104 1818 ub
1120 1772 1163 1818 eo
1178 1750 1289 1817 cuicu-

185 1848 240 1915 los
253 1854 414 1934 probatos
427 1874 503 1921 osse
516 1855 685 1921 suadeant.

632 2092 738 2159 CAP.
761 2092 847 2159 VII.

459 2259 509 2308 nn
531 2259 726 2309 onsrrorrs
751 2251 1024 2309 surrrecturus?

231 2377 335 2444 Usus
350 2386 404 2445 est
416 2378 600 2464 Eutropius
623 2382 659 2444 in
673 2379 914 2446 conscribenda
934 2376 1082 2454 historia,
1103 2395 1181 2460 quse
1196 2375 1293 2441 decet

185 2480 345 2559 murime,
355 2482 502 2548 oratione
516 2473 616 2561 tenui,
631 2486 762 2565 operte,
776 2488 810 2546 et
824 2480 1017 2565 perspicuo,
1028 2477 1079 2542 sic
1093 2483 1130 2542 nt
1143 2476 1292 2542 detracto

186 2582 279 2646 omni
294 2582 361 2648 t'cse
381 2589 500 2650 ornatu
523 2584 680 2668 cultuque
702 2582 923 2665 exquisitim,
948 2580 1019 2643 sine
1033 2579 1211 2643 verborum
1224 2597 1288 2641 nu-

187 2683 367 2749 merosiore
379 2703 545 2763 mensure,
568 2689 602 2749 et
623 2682 834 2769 periodorum
857 2682 1036 2747 ambitiosa
1057 2685 1223 2745 structura
1236 2697 1291 2743 res

689 2897 796 2950 Nom

215 3029 230 3056 ¹
252 3021 295 3072 lte
313 3020 433 3087 Eutropii
451 3021 569 3072 cretione
588 3021 719 3071 disserunt
758 3019 842 3068 Porro
861 3016 1043 3068 inuniversum
1062 3016 1145 3081 magis
1165 3017 1293 3082 disputet,

183 3103 405 3149 munisset
427 3097 454 3146 in
470 3094 677 3161 pret-mnibus,
689 3103 718 3147 et
758 3101 796 3159 et,
806 3110 865 3161 quse
874 3094 981 3160 propius
991 3093 1024 3144 sd
1036 3095 1225 3158 ipsemeensmn
1234 3109 1292 3160 per·

185 3173 231 3239 qui
241 3173 276 3222 de
286 3172 436 3222 meusium
448 3171 582 3223 veteribus
594 3186 719 3237 exposne·
760 3174 853 3236 tinent,
868 3171 979 3222 strictim
998 3177 1101 3221 tantum
1121 3170 1231 3234 sttiugit
1246 3185 1292 3235 po·

185 3254 257 3312 runt,
267 3246 349 3296 veluti
362 3246 468 3297 Vossius
479 3247 512 3297 de
523 3246 650 3298 historicis
669 3249 718 3298 In·
760 3249 820 3312 tius,
835 3263 912 3315 qnam
924 3247 1036 3313 pressius
1044 3247 1217 3311 persequitur.
1240 3246 1292 3296 Iiie

182 3324 245 3374 tisis
254 3325 322 3374 rufi.
355 3323 439 3374 Oiens
450 3324 600 3374 Borrictrius
616 3323 641 3373 in
657 3339 717 3375 con·
759 3323 864 3391 quidem
874 3321 984 3375 consilio
993 3325 1128 3389 proposito
1139 3323 1293 3385 inheret,et

182 3405 276 3465 speetu
287 3400 497 3464 pmstsntiorum
514 3401 670 3465 scriptorum
689 3415 716 3451 n.
757 3418 791 3453 ex
800 3403 939 3453 virtutibus
946 3401 1061 3451 historici
1068 3401 1128 3465 styli
1140 3400 1292 3464 Eutropiu-

184 3479 226 3526 ⁴2.
236 3490 265 3540 p.
275 3478 318 3525 or.
351 3474 717 3527 Wsiehiusinhistoriscriti·
758 3478 894 3543 dijudicet
934 3476 1076 3528 Contendit
1095 3484 1183 3526 sutem
1201 3481 1230 3525 et
1248 3489 1297 3524 ex·

183 3550 298 3603 canu
318 3564 375 3615 esp.
388 3556 411 3602 Β.
428 3551 536 3601 5.-8οᾱ
557 3550 618 3602 dsts
638 3567 719 3615 opere
758 3554 850 3617 emptis
868 3551 1024 3618 quibusdem
1046 3552 1154 3616 proistis
1173 3550 1294 3600 evincere

183 3627 251 3678 bene
272 3628 444 3691 questionem
466 3626 578 3676 instituit
597 3626 718 3676 Reinissr·
758 3630 858 3691 stridet,
889 3630 1039 3695 puritatem,
1067 3627 1291 3692 perspicuitatem,

183 3703 233 3754 dus
254 3704 282 3753 iu
308 3703 492 3753 dissertstions
512 3702 667 3767 philologius
683 3702 718 3753 de
758 3706 1117 3773 dignitmemetsusritstem
1135 3704 1190 3767 ejus
1210 3703 1289 3755 onti-

182 3779 254 3844 ⁸iyi⁰
265 3777 610 3844 Εῦῑῐψίὶμῑῑῑῑῦνῐῠῆῑίῐ
624 3777 717 3829 “litlo-
758 3787 802 3836 oni
812 3785 905 3835 inesse.
938 3781 991 3832 seo
1007 3796 1056 3848 pro
1069 3781 1292 3845 ipsodisputstio·

184 3853 212 3904 ni
223 3868 288 3916 sun,
307 3863 335 3902 et
347 3853 372 3901 in
395 3854 521 3917 peculiari
542 3853 630 3903 libello
650 3852 717 3919 Aug.
759 3858 1018 3912 nismoduiodiutius
1034 3860 1060 3907 in
1078 3858 1151 3908 editu
1167 3864 1291 3922 muretus,

182 3930 296 3981 Gottim
308 3929 377 3978 Frid.
396 3930 530 3979 Koltitsiss
547 3929 581 3979 de
600 3936 718 3982 veterum
758 3935 862 3986 indeed
874 3933 1066 3998 persequendus
1077 3934 1200 4002 orstionis
1209 3934 1290 3988 histo·

182 4004 337 4055 minorum
389 4006 501 4054 tectione
544 4004 717 4072 (vitemberg.
758 4012 819 4062 ricae
840 4012 950 4062 uirtutes
975 4009 1053 4062 istim
1072 4008 1233 4073 exputismr,
1260 4015 1290 4060 et
1350 4035 1352 4042 ⁴

183 4085 256 4132 lm.
266 4082 306 4138 8.)
321 4083 365 4131 cui
378 4081 504 4145 eppesdit
526 4089 665 4133 tnetstum
681 4083 715 4133 ds
758 4086 832 4153 qussi
841 4086 875 4137 sd
887 4087 954 4136 rimu
967 4084 1053 4153 ulique
1063 4100 1097 4134 ex
1109 4085 1238 4151 Eutropio
1248 4085 1292 4135 de·

181 4156 391 4222 stylohtropii.
418 4157 504 4208 Nisuis
513 4156 716 4210 tsmeuhicnlts
756 4162 851 4228 serpit.

183 4241 238 4284 teu
249 4230 486 4299 repententes·
495 4245 568 4300 sepe
576 4234 716 4286 inuncet.
