3017 4859
211 362 280 429 alu
459 375 569 425 uera
589 371 791 423 rauranum
815 371 857 420 ru
882 370 1061 420 auraoru

211 523 263 588 prii
282 522 399 587 naath,
419 535 487 584 mant
507 520 588 583 popuii
605 525 630 569 at
648 524 743 570 undas
780 518 895 582 aliasque
916 520 945 565 at
970 514 1041 565 inter
1059 514 1229 576 recentiores,
1245 527 1310 578 quos

213 612 264 649 ears
282 599 395 648 mrem.
423 596 517 646 Celiar.
563 596 630 645 linc
649 596 743 659 prohat
781 593 869 644 iaudat
889 593 965 643 Febr.
985 591 1019 642 ad
1041 589 1130 656 Dion.)
1150 597 1265 656 atquem
1284 592 1313 640 ia

214 676 357 734 Grunerua,
378 672 484 721 laudata
505 672 641 735 spanhem.
658 672 692 720 de
710 672 742 721 P.
782 670 1030 735 triumphoduacrat
1045 668 1184 731 Cacsar,ah
1196 669 1314 731 bagusta

214 758 242 801 et
262 751 295 800 U.
321 750 448 799 Numisia.
467 748 537 797 Dias.
557 760 620 797 vrri.
639 762 666 810 p.
685 751 742 795 batt.
780 749 859 812 patris
875 761 948 809 regno
964 746 1086 796 donatum
1103 744 1193 809 luisse,
1208 752 1237 795 et
1253 757 1314 793 con·

215 827 281 888 Nos,
291 824 359 889 qnod
371 824 404 873 dc
416 825 498 872 Persis
510 829 538 871 at
555 822 656 872 Parthia
666 836 745 886 supra
783 831 836 873 stat
854 824 878 872 ei
897 823 1040 872 interalias
1057 820 1269 885 Bocchiqnoqae
1285 826 1314 870 at
1357 830 1362 846 ·

215 899 383 967 ostendimus,
401 898 535 948 nicetium
552 898 671 946 accidere
690 897 745 961 opi·
783 898 900 963 Bogudis
919 900 1037 960 regiones
1062 896 1217 945 accessisset
1245 894 1315 944 unde

202 970 315 1039 'namna
326 984 355 1026 ut
366 976 459 1035 Africa,
472 976 597 1037 Numidia,
612 980 641 1024 et
653 973 747 1023 Mauri·
783 975 869 1025 Plinio
879 989 906 1024 v.
918 979 942 1023 l.
954 977 961 1003 ⁴
973 974 1077 1038 utrique
1085 971 1251 1022 Mauritania
1264 971 1315 1035 pri·

216 1053 282 1103 tatia
300 1068 315 1101 a
332 1051 501 1115 scriptoribus
511 1052 580 1100 iuter
598 1063 626 1098 aa
639 1048 746 1099 conlun·
785 1051 850 1101 mrs’
862 1052 1000 1115 imperasse
1010 1049 1114 1099 dicitur.
1135 1049 1205 1098 Veri.

216 1128 322 1191 dantnr,
340 1135 369 1178 et
379 1129 490 1178 alterum
510 1142 556 1191 pro
572 1127 654 1175 altera
666 1140 746 1189 regne
818 1127 912 1177 Batiana
928 1124 1093 1189 reparaverat]
1111 1126 1210 1175 Contra
1227 1124 1314 1175 Casa·

216 1211 372 1268 reponatur:
389 1203 481 1253 ecdem
499 1203 585 1266 modo,
602 1218 652 1267 quo
669 1216 748 1265 supra
785 1218 847 1254 ratu.
866 1205 934 1254 Glur.

218 1296 243 1332 c.
255 1287 296 1331 ll.
308 1282 448 1331 Mmedosia
460 1295 506 1344 pro
519 1280 632 1330 threcia:
641 1279 684 1328 ubi
696 1279 748 1329 rid.
821 1281 853 1331 Ρ.
865 1279 990 1329 Cornelias
1000 1277 1094 1343 Scipio]
1111 1279 1155 1329 its
1165 1277 1235 1343 apud
1247 1278 1315 1328 rior.

219 1358 297 1409 Beer.
324 1358 396 1408 Fam.
435 1356 512 1407 Unde
538 1359 594 1421 ipae
622 1355 749 1416 Bacchus,
787 1357 833 1407 lib.
844 1370 918 1407 carr.
935 1371 1084 1421 praenomen
1101 1362 1151 1406 est.
1183 1355 1237 1405 Alii
1247 1355 1316 1404 enirn

219 1448 298 1499 quern
310 1433 474 1485 Mauritaniae
487 1447 572 1495 regem
586 1432 628 1479 aiii
640 1429 749 1490 iaciunt,
787 1441 883 1481 vocant
899 1433 931 1487 Q.
949 1432 1073 1481 maenaa
1084 1431 1227 1495 Scipionem
1243 1430 1316 1480 Giar.

220 1517 248 1559 at
275 1507 463 1572 quodammodo
491 1513 571 1567 recte,
591 1521 606 1554 a
628 1505 700 1554 Piul·
723 1504 750 1552 in
789 1509 876 1573 Hujus
891 1509 941 1559 hoe
958 1507 1015 1558 iere
1026 1523 1122 1571 panus:
1139 1507 1172 1556 Ρ.
1183 1508 1316 1557 Cornelius

221 1584 309 1634 Mario
320 1599 346 1646 p.
356 1585 413 1632 421.
439 1581 472 1631 Α.
484 1579 750 1641 ιοοαίιιιδῧόιιχοιδ
789 1584 875 1647 Scipio
886 1583 992 1645 Nasica,
1011 1584 1077 1633 Cnei
1089 1583 1204 1634 Cornelii
1216 1584 1317 1647 Scipio·

221 1658 429 1723 tlsuds.insyila
439 1674 467 1723 p.
476 1663 534 1708 tbi.
542 1659 572 1708 C.
580 1659 629 1706 rev
638 1655 751 1716 Νομάδων
789 1663 829 1709 nis
851 1660 876 1709 in
895 1660 1022 1723 Hispania
1041 1674 1099 1708 cam
1121 1659 1203 1710 fratre
1223 1660 1318 1711 Publio

221 1735 350 1793 marie:
371 1736 398 1784 in
411 1735 507 1784 Aaron.
519 1748 544 1797 p.
555 1737 612 1783 944.
632 1739 659 1781 Β.
671 1734 684 1779 i
695 1730 752 1781 Bir-
790 1736 859 1799 cari,
875 1749 941 1785 auno
953 1735 986 1784 ab
997 1737 1030 1784 U.
1039 1736 1069 1785 C.
1081 1748 1169 1785 nxnrr.
1181 1734 1248 1785 filins
1258 1734 1319 1785 adc-

222 1830 268 1877 χοι
277 1815 291 1861 i
300 1810 399 1869 maior.
410 1825 460 1876 quo
471 1818 557 1860 tamen
576 1809 653 1859 titulo
667 1809 751 1871 ipsam
790 1815 898 1870 leucam,
915 1814 954 1862 vir
964 1814 1076 1878 optimus
1088 1816 1208 1863 asmata
1220 1812 1321 1878 judiea-

222 1889 318 1941 Jubarn
336 1886 443 1951 insignit
459 1885 487 1934 in
499 1886 564 1935 cns.
575 1899 635 1947 pag·
652 1887 709 1933 ⁷⁵⁰·
720 1883 752 1932 B·
793 1899 833 1939 tus
844 1893 886 1955 (nt
898 1889 982 1939 refert
993 1891 1079 1940 lirina
1090 1891 1135 1940 lib.
1146 1902 1226 1940 ma.
1237 1896 1265 1939 et
1275 1889 1320 1940 lih.

222 1965 274 2015 Sed
293 1972 322 2014 at
341 1965 409 2014 altar
421 1961 583 2012 Mauritania
599 1974 645 2009 rex
660 1953 753 2021 Bogud
791 1967 1047 2031 xxxv1,)M,00m,
1062 1968 1189 2031 Cethego,
1206 1968 1238 2018 Ρ,
1249 1967 1321 2017 sm.

223 2038 417 2101 occurritupud
429 2033 668 2086 Birt-Alma&-
685 2035 753 2083 Dilss
793 2043 883 2107 pronio
910 2045 1045 2093 Tudetano
1067 2044 1232 2106 consulibua,
1254 2058 1321 2095 anno

225 2131 320 2179 nempe
330 2116 493 2164 Mauritania
505 2114 587 2177 inere,
604 2116 695 2177 altera,
710 2128 753 2162 cu·
792 2132 835 2169 nr..
850 2118 930 2168 lilium
950 2119 1041 2169 hahuit
1059 2121 1091 2169 P.
1103 2121 1251 2170 Cornelium
1269 2121 1323 2170 Sci.

220 2194 264 2257 jus
284 2193 341 2240 Rex
358 2192 474 2240 iioccbua
491 2193 569 2254 vulgo
580 2191 683 2251 dicitur,
693 2190 754 2239 rin·
793 2195 897 2257 pionem
908 2194 1041 2255 Nasicam,
1053 2195 1095 2260 qui
1107 2196 1223 2259 porticus
1236 2196 1261 2244 iu
1273 2195 1323 2245 Ga·

225 2268 323 2331 gitaua,
340 2267 433 2329 altera,
454 2267 496 2317 cui
518 2266 652 2329 Bogudem
674 2266 753 2329 impe·
792 2270 885 2335 pitolio
907 2271 1005 2320 &naor
1026 2269 1100 2334 feeit,
1123 2279 1213 2322 autore
1231 2271 1323 2321 Pater·

225 2354 298 2392 rasse
316 2342 398 2403 aiunt,
416 2347 477 2406 post
492 2342 656 2392 Caesariensis
676 2341 755 2389 dicta.
793 2346 851 2394 culn
861 2346 907 2395 lib.
919 2360 950 2396 ιι.
986 2346 1037 2395 Hic
1050 2346 1116 2409 uide,
1127 2362 1160 2397 an
1170 2349 1204 2397 sit
1216 2348 1259 2397 iile
1272 2348 1324 2397 Na·

225 2418 287 2469 vid.
298 2418 368 2468 Plin.
384 2420 401 2468 1.
412 2432 438 2467 v.
449 2418 520 2467 Hist.
532 2432 556 2467 c.
572 2421 597 2467 i.
609 2426 636 2465 et
647 2431 704 2481 que
722 2415 756 2465 ad
793 2422 857 2485 sica,
870 2422 915 2487 qni
927 2422 1077 2472 adolescens
1088 2422 1259 2473 Macedonico
1270 2422 1324 2472 bel·

226 2495 427 2546 Dianium.
445 2509 505 2558 pag.
517 2500 574 2545 ala.
590 2501 664 2543 notat
680 2494 756 2544 Febr.
795 2499 830 2558 io,
846 2512 904 2547 curn
923 2497 1006 2547 Paulo
1023 2496 1133 2562 AEmylin
1151 2498 1280 2563 interfuit,
1294 2504 1323 2548 et

228 2571 335 2620 Minime
346 2577 433 2620 tamen
442 2571 483 2619 hic
494 2570 646 2633 Eutropium
657 2584 757 2619 crraase
795 2574 840 2637 qui
859 2573 996 2623 Dalmatas
1017 2576 1106 2623 consul
1126 2574 1234 2636 domuit,
1256 2588 1324 2624 anun

227 2656 326 2714 putam.
358 2649 411 2697 Sed
432 2649 527 2700 iubam
544 2655 572 2699 et
592 2649 758 2699 Numidioeet
795 2648 875 2698 Urbis
896 2656 984 2699 nxcrr.
1025 2650 1110 2713 Hujus
1131 2649 1181 2700 t'uit
1202 2651 1269 2701 lilius
1292 2652 1324 2713 P,

227 2725 384 2775 Mauritania
403 2740 490 2789 regem
509 2723 588 2774 fuisse
602 2727 689 2788 credo,
706 2741 758 2775 nou
796 2724 930 2774 Cornelius
941 2724 1029 2788 Scipio
1037 2726 1142 2788 Nasica,
1158 2727 1324 2776 consobrinus

228 2802 370 2867 utriusqus,
390 2801 436 2850 sed
461 2802 518 2865 ejus
545 2816 602 2867 qun
628 2802 757 2852 Numidia
795 2798 895 2849 Tiberii
918 2800 1041 2861 Gracchi,
1063 2800 1142 2851 Post.
1172 2801 1245 2850 Max.
1274 2815 1326 2867 que

228 2877 346 2941 proxima
356 2876 415 2928 fuit.
448 2877 603 2941 Opinionem
621 2879 758 2928 hanccon·
798 2875 865 2924 duca
879 2873 1032 2925 interiectus
1053 2875 1122 2926 idem
1137 2877 1281 2942 Gracchus,
1297 2884 1327 2927 ut

229 2951 641 3017 iirmatAppian.B.Cir.l.11.
660 2970 685 3018 p.
699 2960 758 3004 488.
797 2949 889 2999 scribit
908 2949 978 2998 idem
997 2950 1169 3001 Patercuiusz
1194 2953 1262 3017 quod
1284 2968 1328 3003 vc·

230 3028 274 3077 nbi
285 3028 381 3079 Jubam
398 3028 549 3091 Μαυρουσίαν
564 3028 675 3089 uspiam
690 3035 760 3086 βωι.
797 3026 854 3075 lunt
865 3024 963 3075 factum
982 3040 1049 3075 anno
1068 3029 1138 3076 urbis
1149 3040 1241 3078 ncxrr.
1274 3026 1327 3078 Hic

229 3100 276 3151 nia
294 3110 379 3161 uocat,
402 3110 429 3152 et
451 3118 466 3151 a
489 3106 593 3153 Boccho
613 3105 760 3170 distinguit,
799 3109 859 3166 pust
877 3101 1025 3152 Gracchum
1044 3104 1166 3166 occisum,
1182 3104 1230 3153 snb
1252 3104 1328 3155 titula

230 3189 308 3244 quern
317 3175 759 3242 lrrpovttovpoociosdordernoiacit:
799 3179 935 3242 legationis
947 3179 1102 3243 Pergamum
1123 3180 1193 3229 Asiae
1212 3182 1329 3244 sectant,

230 3253 300 3319 quod
312 3253 350 3302 ita
358 3256 485 3318 concipio,
496 3264 524 3305 ut
543 3258 660 3307 Bocchus
672 3267 699 3309 et
712 3262 762 3309 Bo·
799 3255 844 3303 tbi
854 3255 927 3304 obiit·
940 3262 1052 3318 autores,
1068 3256 1188 3305 Valerius
1200 3257 1329 3307 Maximus

232 3329 292 3393 gud,
311 3331 393 3391 reguli
410 3332 515 3395 quidam
532 3331 627 3383 iruerint
644 3350 762 3399 quarum·
799 3331 846 3381 lib.
857 3344 883 3380 v.
893 3344 951 3393 cap.
963 3335 987 3380 t.
1004 3340 1029 3379 et
1046 3332 1201 3381 Plutarchus
1210 3333 1236 3381 in
1245 3332 1329 3383 Grac·

231 3406 626 3470 damaliuritanlaeregionum:
656 3412 762 3461 undebi
800 3409 965 3471 ciria,etaiii.
989 3408 1136 3473 Filiusejus
1153 3409 1203 3458 fuit
1220 3409 1330 3459 Publius
1437 3424 1442 3441 ¹
1492 3396 1493 3403 ἵ

232 3483 340 3545 Caesari,
359 3498 375 3532 a
393 3499 444 3548 quo
462 3486 508 3533 har
527 3487 560 3536 da
579 3501 671 3536 caussa
689 3504 763 3551 reges
801 3486 934 3536 Cornelius
957 3486 1043 3548 Scipio
1064 3486 1169 3549 Nasica,
1186 3487 1259 3550 cnjus
1276 3500 1331 3535 rna-

232 3558 307 3610 fuerc
325 3559 457 3623 adpellari,
472 3576 545 3625 opem
565 3565 679 3623 tulerint,
691 3573 730 3625 nt,
742 3566 764 3613 ri
800 3561 875 3610 minlt
886 3562 977 3610 Cicero
989 3561 1033 3611 lib.
1043 3574 1061 3611 1.
1073 3559 1150 3612 offic.
1167 3576 1218 3626 qno
1228 3574 1286 3626 cap.
1296 3560 1331 3611 da

231 3636 300 3688 ana
316 3636 435 3700 Pompeii
448 3647 647 3700 partcsaecnrus
658 3639 766 3689 inferior
802 3638 873 3686 vario
884 3637 1013 3687 hominum
1026 3639 1129 3701 iugenio
1141 3638 1272 3702 disputat:
1285 3637 1330 3688 scd

232 3713 366 3775 suaderet,
375 3717 416 3763 vel
425 3715 532 3777 periret,
540 3722 622 3762 totum
631 3715 681 3763 aibi
693 3717 764 3765 ulau·
801 3712 876 3776 hujus
895 3714 955 3761 mihi
975 3722 1135 3776 compertum
1156 3727 1208 3762 nou
1227 3720 1277 3777 ast,
1299 3727 1331 3763 an

232 3790 335 3839 ritanire
353 3804 460 3855 regnum
479 3789 659 3849 vindicassent,
676 3806 764 3855 qnam.
801 3788 878 3837 inerit
900 3787 968 3837 tilius
990 3790 1034 3838 ilie
1065 3788 1174 3837 Publius
1196 3789 1330 3838 Cornelius

235 3862 382 3928 admodum,
392 3874 420 3915 ut
431 3866 526 3917 iubam
543 3867 695 3929 expelleret,
707 3869 763 3931 ejus
802 3864 889 3928 Scipio
900 3865 1004 3923 Nasica,
1016 3864 1151 3929 (Nasicam
1163 3873 1251 3914 tamen
1263 3866 1330 3915 Dion

234 3943 333 4006 regiam
352 3943 450 3991 Cirtam
467 3943 586 3992 Bocchus
604 3958 672 3992 nunc
689 3959 764 3993 occu·
803 3948 904 3989 tantum
917 3940 1107 4005 appallat,)qui
1119 3940 1331 4004 luitpaterPuh·

235 4026 353 4079 pararat.
380 4018 510 4081 eridquid
522 4019 564 4077 sir,
576 4032 590 4067 e
604 4020 686 4068 itione
698 4021 715 4068 i.
728 4033 764 4070 ιι.
802 4019 830 4068 lii
843 4019 958 4069 Cornelii
969 4020 1108 4083 Scipionis,
1128 4020 1220 4071 Quinti
1233 4020 1332 4070 Caecilii

236 4104 263 4153 p.
279 4094 337 4141 454.
356 4092 464 4156 aliisque
483 4096 572 4158 liquat,
589 4093 666 4144 Jubae
683 4094 764 4143 blisum
803 4096 903 4145 Metelli
914 4096 966 4161 (iria
977 4096 1054 4144 etium
1067 4097 1142 4159 plura
1159 4096 1219 4145 huic
1236 4094 1332 4146 dautur

236 4171 329 4231 postea
351 4167 476 4216 ilistorici
498 4170 600 4217 uomina
625 4170 766 4218 celeberri·
803 4171 917 4235 nomina)
933 4172 979 4235 qui
997 4185 1071 4220 socer
1089 4171 1210 4234 Pompeii
1233 4171 1333 4235 Magni,

236 4255 304 4294 narn
314 4240 388 4309 (via.
407 4242 479 4293 Pint.
495 4244 523 4293 ia
541 4244 639 4295 sertor.
659 4260 686 4310 p.
708 4248 766 4298 ott.
802 4246 1079 4300 neviraaiaGasaris
1089 4252 1248 4313 potestatem
1264 4246 1333 4298 reai-
