3017 4859
271 359 336 448 502
518 393 627 443 NOTAE
651 385 853 441 vitulorum
876 389 917 438 ili
942 383 1122 439 utluuoelt

556 536 671 586 Caesares
688 534 739 585 duo
755 534 817 584 novi
833 533 881 583 sub
897 533 936 583 bis
953 532 1087 598 Augustis.

265 619 379 688 ‘Severus
390 649 437 698 per
447 632 560 685 italiam.
577 632 629 682 Hie
672 630 829 681 MaxIminus
852 631 950 681 Galerii
975 631 1070 681 sororis
1101 630 1178 692 filius,
1202 636 1232 680 ut
1263 627 1375 680 Orienti

272 714 399 766 occiditur
432 713 465 763 ab
491 714 633 774 Herculeo,
675 718 810 775 praeesset,
831 710 1041 761 cresinacaesar.
1076 709 1188 762 Quidam
1210 710 1283 759 aiunt
1300 710 1373 759 bunc

273 794 372 855 Rome,
398 794 467 843 iutra
482 792 631 842 Tabernas:
675 790 747 839 Tarsi
770 798 907 850 mortuum,
924 796 953 838 nt
965 789 1025 838 Sex.
1043 788 1131 838 Aurei.
1164 788 1374 839 Aiiiaiunteusn

274 871 310 920 ait
321 871 417 922 Sextus
429 872 559 922 Aurelius.
678 882 773 918 cesum
796 867 927 918 alleluiu.
960 866 1245 929 Qiuuuenniocaesar,
1259 866 1376 917 triennio

678 946 813 1011 Augustus
825 944 886 1008 tuit,
901 947 1083 997 immanissima
1093 945 1187 996 bellua.

460 1095 513 1146 Alii
524 1096 583 1145 nusi
595 1095 712 1146 Caesarea
723 1100 783 1159 pest
795 1094 940 1144 Constantii
951 1093 1065 1156 Augusti
1075 1099 1192 1142 mortem.

275 1191 461 1243 Constantinus
483 1193 510 1242 iu
537 1193 642 1244 Britan·
685 1191 836 1243 Maxentius
869 1191 958 1240 Mane
985 1205 1002 1240 a
1044 1188 1301 1240 Liciniusatiaieriu
1316 1187 1375 1239 fse-

275 1274 325 1332 nis,
342 1272 368 1321 iu
387 1272 472 1322 iocum
488 1272 569 1336 patris
586 1271 640 1322 iae·
683 1271 847 1336 praetorianis
875 1270 1001 1320 militibus
1043 1269 1308 1332 tusAnguatns,11s.
1326 1282 1375 1317 su·

275 1358 316 1399 tna
328 1350 480 1415 Imperator.
685 1354 776 1416 quintu
786 1350 949 1402 Constantini
959 1365 1002 1399 an·
1043 1349 1083 1398 nis
1111 1349 1138 1397 in
1168 1348 1276 1411 imperio
1303 1346 1374 1397 fuit:

455 1454 457 1456 >
683 1445 717 1482 ue
738 1432 807 1482 bedu
829 1438 919 1482 centra
940 1446 998 1481 eum
1041 1444 1144 1490 avarus,
1158 1428 1374 1487 libidinosus‚as·

683 1517 755 1563 muto
785 1513 873 1563 Roma
904 1511 999 1564 occidi·
1042 1525 1098 1575 per,
1119 1509 1263 1572 impatiens,
1285 1507 1374 1557 literis

681 1598 733 1641 tur.
1039 1588 1156 1640 infestus.

693 1732 746 1781 Alii
759 1732 819 1782 novi
837 1732 961 1782 Cesarea.

277 1824 425 1878 Alexander
446 1827 535 1892 Phryx
556 1827 582 1876 in
605 1825 705 1890 Africa,
714 1826 784 1891 apud
794 1826 985 1890 Carthaginem,
1038 1825 1373 1877 ValensaLicinioeesaus.

280 1909 472 1959 acunatantini
482 1908 600 1958 exercitu
614 1921 702 1957 eaeaua.
811 1971 814 1976 ἢ
1042 1906 1113 1956 Giar.

309 2036 413 2098 Gallias]
437 2035 491 2084 Pro
515 2033 629 2094 Galilaia,
652 2034 691 2083 uti
712 2037 754 2081 est
776 2032 802 2080 in
844 2031 953 2081 virtutes
964 2036 1075 2095 sapiu.
1093 2031 1165 2081 Giur.

275 2108 322 2158 Ed.
334 2107 519 2173 narencium,
537 2109 654 2173 aliisque,
674 2122 708 2157 ex
720 2106 802 2157 cedd.
873 2106 916 2156 Ver
923 2103 1373 2169 meginunoesrstmtmlffln·

275 2185 337 2233 Mas.
347 2184 373 2233 S.
383 2185 414 2234 B.
426 2185 460 2234 G.
472 2186 508 2234 N.
518 2185 570 2234 LC.
584 2186 614 2233 L.
628 2184 692 2233 HM.
712 2183 803 2233 Leidd.
843 2179 938 2231 stantis
957 2187 1065 2243 mortun,
1081 2182 1153 2230 multi
1172 2182 1296 2229 tumuitus
1315 2181 1375 2230 ubi·

276 2263 299 2308 l.
311 2257 336 2307 a}
346 2264 370 2308 ti.
387 2266 415 2309 et
433 2260 501 2309 Edd.
522 2259 621 2309 Aidiuis
639 2275 670 2309 ae
686 2259 803 2310 Juntina.
844 2273 895 2323 que
906 2258 1073 2322 pullularunt.
1090 2255 1276 2310 luBritannias
1286 2255 1314 2304 in
1327 2270 1374 2319 pa·

277 2335 389 2397 pratuli.
406 2335 446 2383 Ci.
461 2349 562 2399 qunque
572 2348 623 2384 van
636 2335 731 2382 Mosen
748 2333 803 2396 piu·
844 2336 890 2384 tria
911 2334 1058 2383 Constantii
1079 2335 1164 2383 ionum
1186 2332 1373 2382 cenauntlnus

276 2408 589 2460 raiemnurnerunrdedit.
615 2407 804 2470 obarmans
843 2410 1106 2473 ereaturinsperator,
1121 2410 1210 2457 Reme
1222 2408 1374 2456 Maxentius

275 2492 317 2535 eat
346 2487 373 2534 in
402 2485 465 2535 cod.
485 2484 558 2534 Laid.
585 2489 609 2534 1.
641 2483 693 2545 lagi
724 2483 804 2533 etiam
843 2497 859 2532 a
891 2484 1061 2535 Praetoriauls
1101 2484 1240 2534 militibus:
1280 2483 1374 2531 eodem

277 2559 623 2622 pesae,el²iiuioet‘i'acitu
634 2566 805 2610 recteesteu·
845 2568 960 2625 tempure
987 2568 1015 2610 et
1031 2562 1203 2624 Misimiauus
1225 2560 1374 2610 Herculeus

275 2635 315 2686 dit
324 2636 363 2685 Ci.
375 2636 526 2685 Grunerus:
544 2650 621 2699 quem
639 2635 712 2686 vide.
734 2636 804 2686 Veri„
844 2650 917 2700 spem
948 2636 1119 2700 recuperandi
1162 2637 1235 2701 regni
1273 2644 1374 2686 temere

307 2711 413 2775 Saeptis
427 2710 514 2760 danus
534 2711 679 2774 Gemellas]
697 2711 806 2760 Hisuut
844 2711 968 2774 erumpit,
985 2718 1014 2760 ut
1032 2717 1124 2776 postea
1139 2710 1295 2760 narrabitur.
1328 2711 1375 2760 Se·

274 2786 384 2836 Severus
392 2787 558 2845 Maximinus,
570 2784 637 2837 iilius
649 2787 744 2836 auroris
752 2787 805 2837 Ga·
845 2800 904 2836 vem
938 2795 1048 2849 mortun,
1085 2786 1206 2837 Galerius
1241 2786 1374 2836 bicinium

274 2860 331 2909 ierii
342 2860 503 2911 Maximiani.
528 2861 727 2910 Exbocautem
740 2863 805 2924 ineu,
843 2863 946 2927 imperii
969 2870 1116 2913 consortem
1137 2862 1187 2912 sibi
1214 2862 1399 2925 assumpsitz,

275 2934 369 2985 stallis
379 2935 486 2999 aliquot,
501 2935 673 2998 videreiieet,
687 2936 805 2984 illaten-
843 2938 888 2987 sed
911 2939 988 3001 paulo
1019 2946 1078 3002 pust
1105 2945 1133 2988 et
1164 2938 1219 3002 ipae
1249 2938 1387 2988 Galerius·
1494 2989 1495 3000 γ

274 3015 379 3072 pestate
390 3009 451 3074 quid
461 3010 588 3059 distarent
598 3009 707 3074 Augusti
720 3024 735 3058 a
746 3010 803 3060 Coe·
843 3015 957 3066 nruritur.
986 3016 1176 3079 Relinquantur
1185 3015 1212 3063 in
1223 3014 1335 3078 imperia
1345 3015 1374 3064 bi

274 3084 382 3134 aeribus.
405 3084 483 3135 Visst.
761 3123 763 3128 -
834 3098 962 3155 quatuos.
990 3091 1148 3146 ,Maxentius
1179 3090 1280 3150 Roma,
1305 3090 1374 3140 Lici-

307 3159 704 3218 emmerammenses
724 3163 803 3226 digai·
843 3167 900 3215 nius
914 3168 941 3215 iu
960 3167 1073 3230 illyrios,
1090 3166 1246 3216 Maximinus
1267 3166 1293 3214 iu
1311 3165 1375 3216 On'·

272 3241 334 3303 tsts]
351 3242 518 3293 Constantius
533 3245 642 3295 Cblurus
655 3247 741 3297 dictus
753 3255 804 3310 est,
843 3249 913 3303 ²⁰10,
925 3242 1108 3302 C⁰¹¹⁸i¹¹ifi¹¹¹¹⁸
1118 3242 1144 3289 iu
1156 3240 1316 3289 0⁰⁰ii¹⁸⁰2²²
1328 3238 1376 3289 ¹³·

272 3317 607 3382 quasisirentemauoiore
621 3321 702 3371 dicas.
734 3330 802 3374 xum
840 3318 900 3379 jicit
917 3318 1012 3367 Sextus
1025 3318 1144 3367 Aurelius
1162 3316 1227 3365 duos
1246 3316 1372 3381 reliques,

272 3390 312 3456 pia
330 3407 378 3457 pro
397 3393 506 3458 χλωρὴ,
521 3395 615 3458 uiridis,
633 3398 745 3460 pallidas,
767 3402 802 3449 ιι.
842 3391 1018 3442 Alexandrum
1030 3393 1186 3456 Cartbagine
1197 3393 1223 3441 in
1232 3391 1333 3457 Africa,
1343 3401 1375 3442 et

273 3473 334 3531 teus,
350 3483 451 3519 croam.
485 3470 548 3520 Cum
560 3480 672 3535 quatuor
684 3475 801 3538 regiones
843 3467 979 3517 Valentem
1012 3468 1149 3532 quendam,
1177 3468 1221 3533 qni
1243 3481 1302 3515 mox
1324 3481 1374 3532 up·

273 3549 344 3594 sorte
353 3545 499 3608 aecepisset
508 3546 643 3610 regendas,
654 3548 800 3611 Hispanias,
841 3545 923 3608 pressi
944 3554 1004 3594 sunt
1025 3559 1040 3594 e
1059 3545 1174 3594 licinio:
1193 3544 1375 3595 Muentinsa

273 3620 382 3681 Gallias,
398 3619 554 3682 Italiamne
571 3621 698 3685 Africam,
718 3633 802 3687 poste·
841 3622 1019 3684 Constantino,
1035 3622 1192 3670 Maximinus
1211 3620 1273 3670 item
1290 3635 1306 3668 a
1327 3620 1371 3670 Ιί-

272 3694 352 3745 riores
373 3694 436 3744 sines
457 3710 507 3745 neu
527 3699 651 3760 suscepit,
668 3699 737 3762 quud
756 3714 801 3750 ex·
841 3696 908 3746 einis
919 3696 1041 3760 auspiciis
1052 3695 1224 3746 Constantini.
1246 3695 1372 3759 Denique

273 3771 401 3820 iutimaret
416 3771 450 3820 ab
467 3784 518 3819 uuo
531 3777 631 3820 mutum
642 3786 706 3821 unua
725 3776 801 3824 austi-
841 3774 944 3823 ultimus
955 3773 1012 3836 ipse
1023 3772 1136 3821 licinius
1155 3786 1171 3819 a
1190 3771 1372 3821 Constantine.
1434 3761 1441 3769 ’

273 3845 487 3910 nerinnnpesse:
499 3846 801 3912 scurissimosangnine
840 3852 884 3901 Ite
900 3852 933 3901 ad
950 3853 1032 3900 solum
1050 3848 1247 3899 Constantinum
1265 3848 1373 3898 taudem

272 3920 412 3982 abstinens,
428 3922 499 3973 sieut
516 3922 573 3986 ejus
592 3921 659 3972 iilius
678 3923 801 3975 Constan-
840 3926 973 3989 impurium
997 3920 1111 3987 devenit,
1134 3930 1162 3973 et
1182 3921 1216 3971 ad
1236 3930 1291 3972 tres
1312 3924 1372 3988 ejus

273 3998 349 4046 tinus.
382 3999 447 4048 Cum
465 4005 551 4047 autem
569 3998 686 4049 Africam
706 4001 802 4051 acita-
841 4001 917 4050 iiiios.
937 4000 1005 4062 (liar.

271 4072 332 4121 lissn
348 4074 802 4138 recusassetCenstautinns‚creatus
875 4072 1006 4136 Egregiae]
1024 4074 1090 4122 Nam
1108 4072 1266 4135 mitissimus,
1285 4081 1315 4123 et
1331 4073 1373 4126 di·

272 4152 313 4194 est
324 4148 441 4207 Severus,
458 4148 502 4211 qui
513 4150 550 4197 eia
560 4159 691 4211 praesset.
723 4154 803 4203 Euse-
843 4151 962 4200 vitianum
974 4155 1086 4213 spretus,
1104 4148 1187 4212 inquit
1202 4149 1298 4214 Pomp.
1315 4152 1373 4202 lae·

273 4218 330 4269 blus
348 4226 434 4270 sutem
453 4221 500 4272 lib.
516 4236 578 4273 vrrs.
607 4225 801 4278 Ecclesiasticus
842 4233 893 4277 tus.
912 4226 983 4275 Giur.

271 4294 395 4362 muria,
417 4297 511 4350 mnitss
535 4297 591 4361 ejus
613 4310 798 4356 commemorat
876 4301 981 4352 Divitiis
998 4297 1190 4364 pneiasisiisn]
1204 4299 1243 4349 Ut
1270 4299 1370 4353 ditaret
