3017 4859
247 397 292 463 2⁰
667 414 929 465 naupraorro

246 557 453 624 eas'silentio
468 576 624 643 premere,
651 579 729 644 quae
743 561 797 625 vel
809 560 986 627 infeliciter
1003 563 1062 628 ¹vel
1076 564 1212 648 turpiter
1229 585 1250 631 a
1272 563 1345 631 Rea

247 663 355 725 manis
376 665 481 746 gestae
501 667 608 739 erant,
631 662 734 727 veluti
755 662 918 729 Viriathi·
931 684 1046 731 necem
1069 668 1209 733 consilio
1220 677 1279 734 aut
1293 671 1344 734 in·

247 762 344 828 sidiis
360 762 534 847 Caepionis
557 765 730 844 intentam,
752 771 842 830 certe
863 769 925 831 ubi
950 777 1197 847 commemorat,
1223 773 1343 854 paucis

246 863 384 947 defungi
407 871 441 928 et
463 864 579 929 ieviter
600 872 727 930 tantum
753 868 1022 935 innumerata.
1066 870 1105 936 In
1129 872 1197 935 illis
1222 879 1342 951 autem,

246 986 331 1051 quaa
345 967 449 1045 affert,
464 971 647 1050 temporum
662 968 779 1031 seriem
792 969 940 1053 sequitur
949 972 1027 1049 fere,
1042 979 1080 1037 ut
1093 974 1169 1057 ipse
1181 974 1344 1056 praedicat

245 1069 502 1154 inpraeiatione,
526 1069 589 1135 etsi
618 1068 720 1133 etiam
749 1070 904 1148 subinde,
929 1074 1075 1137 maxime
1099 1076 1157 1138 ubi
1177 1076 1341 1139 variorum

246 1179 467 1249 auctorum,e
490 1172 614 1256 quibus
634 1191 697 1235 aaa
718 1170 843 1250 hausit,
870 1172 1002 1238 diversa
1025 1178 1263 1259 supputatione
1284 1175 1344 1242 de·

133 1329 139 1340 .
244 1282 362 1357 ceptris
376 1276 556 1339 oscitanter
577 1274 620 1338 ab
643 1272 708 1338 hac
733 1276 807 1357 lege
828 1275 989 1340 desciscit
1010 1285 1267 1363 etpraepostera
1287 1300 1342 1345 ra-

245 1380 333 1443 tione
354 1379 497 1468 miscet?
539 1376 595 1441 Ita
610 1376 766 1441 consules
787 1380 977 1462 praeponite
1002 1383 1058 1463 qui
1076 1382 1239 1447 debebant
1263 1384 1342 1447 sub·

243 1481 350 1565 sequi,
364 1479 483 1544 eodem
495 1498 579 1543 anuo
599 1488 730 1561 gestum
744 1480 870 1563 aliquid
887 1480 1050 1560 affirmat,¹
1064 1482 1151 1568 quod
1175 1483 1218 1547 ad
1237 1485 1340 1549 alium

243 1583 361 1646 melius
373 1582 529 1660 retulerit,
546 1600 607 1646 nec
621 1600 761 1665 semper,
784 1584 817 1646 in
844 1585 961 1665 primis
987 1585 1049 1648 sub
1069 1586 1340 1668 imperatoribus,

243 1703 311 1769 quo
325 1683 438 1749 ordine
461 1684 592 1767 singula
616 1703 653 1748 se
675 1691 877 1769 exceperunt
890 1692 923 1749 et
937 1693 1120 1751 consecuta
1133 1694 1220 1765 sunt,
1234 1687 1339 1771 ponit,

242 1793 276 1853 st
288 1788 342 1853 vel
356 1807 432 1852 sero
446 1787 607 1871 appendit
618 1787 696 1864 alia,
715 1787 770 1852 vel
795 1788 907 1871 inepte
931 1789 1085 1853 obtrudit.
1131 1788 1170 1853 In
1189 1790 1339 1878 transitu

243 1896 352 1957 autem
368 1891 480 1956 adres
494 1885 702 1955 uorasrarie
716 1891 802 1954 solet
811 1897 941 1975 lempna
955 1890 1114 1969 indicare,
1124 1890 1341 1976 formulisque
1399 1943 1402 1948 r

242 1994 314 2058 sais
336 1995 393 2072 uti,
414 2012 552 2077 quarum
577 1998 691 2055 tamen
713 1991 836 2074 aliquae
858 1991 970 2055 laxius
990 1992 1112 2056 valent.
1156 1991 1212 2056 Ita
1238 1992 1341 2056 eodem

241 2104 375 2180 tempore
400 2094 528 2159 iactum
553 2094 679 2177 aliquid
696 2095 837 2171 scribit,¹
857 2094 915 2158 nbi
937 2093 995 2157 alii
1019 2094 1149 2178 aliquot
1169 2114 1338 2174 annorum,

241 2198 344 2263 veluti
358 2195 481 2274 bienii,⁸
505 2202 563 2261 aut
586 2197 743 2279 plurium⁸
761 2215 920 2261 annorum
941 2196 1086 2281 spatium
1115 2198 1336 2281 interponunt.

172 2313 175 2316 ’
241 2296 350 2364 Alibi¹
360 2308 431 2382 port
455 2319 523 2363 eum
547 2298 651 2363 latius
670 2298 764 2377 dicit,
786 2297 875 2381 quod
891 2298 935 2361 ad
949 2285 1136 2381 proximum
1162 2319 1339 2364 successo·

241 2401 406 2465 rem'male
423 2401 547 2484 aliquis
561 2399 717 2477 retulerit,
732 2407 767 2465 et
779 2399 989 2485 Verbeylrius
1011 2400 1067 2465 vel
1088 2420 1132 2465 ex
1156 2401 1277 2466 lacuna
1299 2403 1339 2467 li·

239 2501 423 2588 brariorum
435 2500 518 2565 vitio
532 2506 615 2578 orta,
628 2501 738 2565 velex
755 2520 861 2583 prava
881 2501 1033 2585 Eutropii
1054 2504 1215 2585 opinione
1229 2503 1338 2587 expli·

241 2603 385 2668 candum
400 2609 496 2686 putat
550 2602 617 2667 Sed
637 2602 729 2665 etita
742 2602 778 2664 in
791 2602 910 2666 eodem
923 2604 998 2667 loco
1013 2604 1116 2686 paulo
1133 2604 1267 2687 quidem
1288 2606 1338 2670 in·

237 2704 340 2769 forins
355 2706 498 2789 ponitur,
512 2708 546 2767 et
564 2703 643 2787 poni
665 2709 788 2786 potest,
808 2709 845 2767 ut
863 2704 1038 2786 praeteritis
1061 2705 1115 2782 iia,
1141 2723 1219 2789 quae
1239 2706 1338 2769 inter·

235 2806 329 2890 jecta
341 2812 446 2882 crant,
464 2804 673 2868 festinantius
687 2804 731 2868 ad
745 2804 952 2886 superiorum
966 2805 1105 2884 exitum,
1120 2807 1174 2869 vel
1189 2806 1231 2870 ad
1247 2807 1338 2870 simi·

238 2909 318 2972 lium
334 2925 519 2972 connexum
534 2904 688 2969 deducat.
733 2903 803 2968 Ubi
825 2905 900 2987 ipse
918 2910 1050 2990 tempus
1064 2907 1110 2970 rei
1124 2913 1228 2989 gestae
1244 2909 1338 2990 igno·

237 3025 332 3072 mssa
355 3008 495 3084 videtur,
519 3008 573 3071 vel
597 3006 732 3071 omnino
758 3009 888 3070 tantum
915 3024 962 3070 ex
991 3005 1223 3090 adjunctarum
1247 3028 1338 3073 eom·

238 3110 473 3174 memoratione
502 3113 616 3172 notare
644 3107 765 3184 uoluit,
795 3106 906 3171 dicere
936 3108 1021 3172 solet
1044 3129 1104 3192 per
1131 3108 1166 3171 id
1194 3119 1337 3194 tempas!

239 3217 405 3283 Usitatius
432 3226 542 3281 tamen
565 3216 650 3281 banc
675 3216 766 3281 viam
787 3217 921 3297 insistit,
944 3226 982 3284 ut
1004 3220 1066 3283 sub
1086 3221 1222 3300 regibus
1244 3224 1338 3303 gesta

236 3320 462 3403 descriptione
485 3319 644 3402 temporis
664 3320 794 3382 omissa
813 3338 880 3382 uno
898 3321 1026 3386 ambitu
1041 3324 1230 3386 summatim
1245 3341 1336 3387 eom·

238 3422 417 3505 plectatur,
432 3424 520 3504 post,
534 3419 577 3483 iis
603 3419 746 3498 exactis,
761 3419 842 3483 dum
859 3419 963 3484 libera
985 3422 1090 3503 viguit
1112 3441 1165 3486 res
1187 3423 1335 3505 publica,

233 3523 280 3591 ,ad
295 3541 412 3587 necem
426 3541 529 3606 usque
542 3520 628 3587 Julii
639 3519 800 3600 Caesaris,
817 3541 920 3587 annos
943 3521 998 3588 vel
1022 3542 1043 3587 a
1062 3521 1336 3590 Consulibue'de·

730 3754 836 3806 Nom

269 3915 280 3940 ⁰
297 3918 337 3957 tv.
355 3908 441 3955 ιθ.--ο
457 3902 520 3955 vid.
532 3917 563 3953 ιι.
579 3908 606 3967 9,
617 3907 658 3954 2⁰.
832 3896 848 3935 '⁸
863 3917 894 3955 ιι.
907 3905 946 3953 ll.
958 3902 993 3953 in

267 3980 508 4035 reintrudis.
838 3986 852 4013 ¹
866 3993 907 4048 vr.v
928 3983 965 4036 11.
993 3977 1037 4028 Sic
1056 3977 1198 4042 interjecta
1228 3977 1335 4044 omittit,

266 4067 334 4109 liv.
355 4062 396 4109 21.
426 4059 462 4107 in.
497 4059 664 4124 Praporlero
686 4057 766 4120 etiam
807 4060 975 4120 extremaque
987 4055 1061 4119 ponit
1072 4053 1142 4105 alibi.
1154 4050 1195 4105 Ct‘.
1208 4068 1231 4104 ι.
1243 4058 1268 4104 8.
1300 4045 1303 4054 '

236 4132 326 4184 ordine
341 4149 383 4184 rer
396 4139 484 4186 narrat
496 4148 519 4185 ι.
535 4138 561 4186 8.
838 4137 851 4164 ¹
869 4145 906 4180 ιι.
923 4135 963 4181 lt.

266 4218 276 4244 ¹
292 4224 335 4262 ιιι.
351 4215 377 4261 l.
838 4214 849 4249 5
866 4206 926 4259 vid.
938 4221 976 4261 ιι.
987 4211 1027 4260 ll.
1044 4206 1080 4260 in.
1092 4219 1119 4260 x.
1131 4211 1156 4258 l.
1173 4209 1210 4259 in.
1222 4219 1264 4259 rx.
1276 4211 1316 4261 21.
1328 4273 1330 4282 1

266 4294 276 4321 ·
292 4300 322 4338 ιι.
333 4291 359 4337 s.
