3017 4859
615 371 698 421 osr.
722 369 805 421 vrri.
1166 395 1169 402 ν
1214 351 1259 423 81

159 513 394 606 promanant
435 513 528 582 idern
543 516 827 580 facim-observari
848 507 964 598 potest
989 517 1025 580 is
1051 516 1130 583 aliis
1155 518 1262 597 libris,

159 622 283 686 atsi-in
309 622 395 685 libro
417 620 528 686 Paulli
552 635 606 682 xl.
629 622 765 702 parcius
779 618 994 684 scamnum
1023 620 1132 697 refert,
1154 622 1264 685 multis

162 723 298 789 abunde
317 724 469 800 attentis,
498 722 625 804 largius
647 729 681 785 et
700 722 845 804 pressius
865 723 900 784 iu
922 722 1018 784 libris
1040 723 1265 804 sequentibus.

161 823 218 888 lix
245 845 314 908 quo
343 824 492 900 efficitur,
513 823 691 889 historiam
707 824 896 887 miscellam
918 842 985 887 non
1006 843 1081 886 esse
1103 843 1124 886 a
1145 822 1267 888 Paullo

161 926 358 1009 protectam,
382 925 443 990 sed
459 946 502 989 ex
518 926 575 990 illc
589 925 717 1009 passim
736 924 880 987 inlibris
897 924 1059 1007 Eutropii,
1075 925 1130 989 vel
1145 923 1266 988 Eutro-

161 1028 221 1112 pio
238 1027 410 1104 subnexis,
427 1034 574 1092 assutam
590 1033 624 1091 et
636 1026 805 1090 nubitum.
851 1026 1050 1109 Necigitur
1072 1026 1183 1104 video,
1198 1046 1266 1110 qno

159 1130 237 1214 inre
266 1129 464 1194 Fabricius¹¹
482 1129 671 1193 Mollemnu
696 1129 864 1209 exagitare
889 1131 1009 1212 possit,
1035 1129 1126 1212 quod
1148 1132 1267 1195 utrius·

163 1250 228 1315 que
242 1231 390 1295 historiae
410 1236 586 1295 auctorem
609 1228 776 1293 diversum
797 1231 1051 1296 existimaverit.
1096 1231 1197 1296 Certe
1222 1251 1266 1296 ex

164 1329 294 1396 Gelenii
323 1331 466 1396 editione
495 1331 684 1396 Basileensl
713 1329 811 1395 1632.
836 1331 982 1395 invalide
1005 1349 1079 1396 eum
1107 1334 1266 1413 consuat,

164 1435 289 1517 quippe
311 1454 387 1516 quae
407 1453 474 1497 non
489 1432 646 1497 Paullum
667 1432 869 1512 Dlaoonum,
889 1434 949 1497 sed
972 1436 1063 1500 illam
1077 1437 1186 1519 ipsam
1200 1438 1268 1501 his·
1325 1427 1329 1432 ’

165 1535 285 1608 teriam
299 1534 484 1598 miscellam
508 1535 603 1598 sistit
649 1533 775 1599 Contra
802 1534 921 1600 Codex
941 1537 998 1600 ille
1024 1537 1268 1603 Ambrosianus

164 1639 199 1706 in
208 1635 561 1720 editiuneflluratorii,
577 1641 611 1699 et
625 1636 668 1699 ab
684 1635 846 1720 Eutropio
860 1645 893 1701 ct
908 1638 952 1701 ab
966 1638 1106 1703 historia
1118 1639 1270 1705 miscella

166 1737 216 1804 sic
239 1737 360 1815 differt,
383 1739 481 1803 utilli
503 1739 618 1821 aliqua
631 1742 761 1822 passim
786 1740 982 1815 admisceat,
1009 1763 1084 1824 quae
1114 1746 1147 1805 et
1168 1742 1270 1806 habet

165 1841 308 1906 historia
318 1841 479 1917 miscella,
493 1839 594 1925 hujus
613 1848 793 1922 augmenta
817 1842 982 1924 pleraque
1002 1844 1142 1924 ignoret.
1185 1843 1269 1907 Pos-

167 1950 292 2008 tremus
306 1944 383 2025 ejus
396 1944 510 2019 libros,
524 1940 583 2025 qui
596 1943 770 2025 excipiunt
783 1940 895 2006 Paulli
909 1942 1029 2006 librum
1045 1959 1159 2006 xvut.
1173 1964 1269 2027 nemo

167 2051 289 2112 temere
297 2046 367 2129 ipsi
379 2045 501 2108 Paullo
514 2045 726 2127 ascripserit,
735 2064 812 2108 cnm
822 2045 1001 2126 refragetur
1010 2045 1159 2124 historia,
1167 2065 1270 2130 quam

167 2147 254 2212 ultra
269 2166 390 2210 annum
404 2147 480 2211 799.
501 2166 570 2231 quo
598 2155 763 2211 mortuum
791 2147 898 2212 ferunt
921 2147 1088 2226 Paullum,
1117 2148 1270 2231 proferat.

169 2351 231 2420 illu
259 2357 291 2414 et
304 2353 451 2432 integra,
475 2371 579 2434 qaam
598 2351 770 2416 revocarit
793 2352 1024 2415 Sebonhovius
1048 2352 1184 2434 aliique,
1207 2354 1271 2417 etsi

169 2455 299 2537 passim
314 2454 415 2518 allitis
438 2454 593 2532 maedis,
615 2474 702 2538 quas
723 2458 920 2519 recentiores
943 2456 1193 2536 absterserunt;
1223 2456 1271 2519 al-

170 2561 243 2620 teru
264 2556 375 2619 Paulli
400 2556 558 2620 manibus
570 2555 707 2619 diducta
727 2563 761 2619 et
783 2557 827 2620 ab
842 2555 939 2618 initio
951 2555 1051 2618 etiam
1066 2563 1178 2635 aucta,
1193 2577 1270 2640 quae

169 2658 358 2742 apparetis
373 2657 560 2724 Codicibbs
579 2658 706 2734 multis,
725 2659 828 2721 etiam
843 2656 1066 2721 Ambrosiano
1081 2659 1273 2741 antiquissi-

170 2779 227 2828 mo
249 2767 284 2824 et
304 2759 730 2842 quibusdam-editionibus
752 2760 892 2842 priscis3
919 2761 1014 2822 tertia
1042 2759 1213 2843 deturpata
1239 2765 1274 2826 et

170 2861 345 2945 ἰιηιιίυαω
359 2861 546 2944 mdiqueiu
561 2862 699 2926 historia
713 2862 873 2938 miscella,
885 2867 921 2923 ut
933 2880 1014 2924 vera
1028 2860 1087 2924 illa
1100 2867 1133 2924 et
1144 2861 1274 2926 sincera

171 2965 312 3046 agnosci
327 2969 360 3026 et
379 2962 538 3046 deprendi
552 2966 611 3028 vix
626 2965 745 3048 possit
780 2962 843 3042 ¹En
862 2963 1014 3046 plurimis
1028 2962 1113 3026 enim
1128 2965 1273 3029 auctori·

171 3066 235 3130 bus
265 3066 407 3130 historia
432 3066 491 3129 illa
517 3067 654 3143 coaluit,
683 3073 718 3132 et
745 3066 780 3130 in
804 3065 971 3149 prioribus
992 3064 1085 3127 libris
1108 3064 1273 3150 Eutropii,

172 3165 277 3245 Flori,
298 3169 463 3244 Suetonii,
489 3167 650 3244 Victoria,
667 3167 819 3243 Eusebii,
836 3165 962 3241 Rufini,
977 3163 1101 3242 Orosii,
1116 3165 1274 3242 Iordanis

173 3267 392 3352 aliorumque,
427 3269 512 3333 sorte
543 3269 641 3332 etiam
676 3266 920 3350 deperditorum
953 3267 1030 3331 loca
1051 3269 1276 3348 conglutinata

171 3378 271 3450 snnt3
296 3372 332 3434 in
359 3371 600 3453 posterioribus
628 3369 802 3434 Anastasii
830 3369 1042 3450 potissimum
1063 3368 1202 3435 historia
1231 3370 1274 3435 ad

171 3473 309 3535 verbum
324 3471 392 3535 sere
406 3473 546 3554 repetita
562 3476 626 3548 est,
640 3476 679 3533 ut
691 3489 799 3533 rerum
812 3471 913 3532 series
924 3469 999 3532 inde
1010 3478 1274 3553 componeretur.

172 3569 221 3638 At
243 3575 323 3657 quis
341 3581 456 3638 auctor
477 3573 551 3657 ejus
577 3573 689 3657 operis
712 3572 819 3648 luerit,
842 3573 900 3636 via
923 3592 985 3654 pro
1008 3579 1098 3636 certo
1113 3573 1276 3640 affirmare

171 3675 263 3754 licet,
292 3696 354 3739 nec
378 3694 444 3740 una
468 3680 520 3740 est
546 3675 692 3737 virorum
719 3673 892 3737 doctorum
918 3674 1087 3736 sententia.
1132 3673 1276 3740 Landul·

173 3777 277 3861 plnum
306 3778 471 3862 Saganam
485 3777 635 3860 plerique
654 3778 796 3860 jactent,
820 3781 854 3838 et
875 3777 908 3839 in
931 3774 1134 3838 editionibus
1157 3797 1276 3842 nomen

175 3880 276 3943 etiam
287 3879 362 3963 ejus
376 3884 559 3962 apponunt,
575 3877 712 3944 Codicis
725 3876 809 3942 forte
817 3876 962 3959 alicujus
975 3879 1275 3945 auctoritatemoti.

672 4109 782 4162 NOTAE

208 4245 221 4272 ¹
238 4237 270 4288 In
281 4238 347 4289 bibl.
359 4240 418 4290 Lst.
430 4254 453 4290 c.
464 4238 481 4288 l.
493 4254 520 4307 p.
533 4243 591 4291 lli.
778 4248 790 4284 ⁷
805 4241 838 4292 In
848 4239 952 4292 dissert.
963 4239 997 4289 de
1009 4237 1102 4289 Paullo
1113 4235 1241 4288 Discern
