3017 4859
452 383 687 434 rnsrrnourn
713 386 762 433 nn
788 386 989 438 nurnorro.
1228 374 1277 439 tsi

204 624 269 692 ἆυ.
282 623 409 692 Muluio
424 624 460 690 in
477 622 714 713 Chronogropli.
735 624 796 688 Vit.
806 623 934 690 Julioni
946 625 1116 711 Apostolos,
1125 651 1160 713 p.
1172 629 1227 694 24.

207 759 247 822 Ὀ
260 760 293 820 δὲ
307 763 464 840 σοφώτατος
477 762 628 839 Eirpo‘rrros
641 765 657 820 ὁ
669 762 879 843 Χρονογρόφος,
896 767 927 821 ἔν
940 789 996 823 τισι
1009 764 1113 824 τοῦτων
1125 766 1185 844 oix'
1199 769 1272 842 alipo-

169 859 300 939 φόνησεν
314 860 347 916 ἓν
360 863 394 940 τῇ
409 862 493 919 αὑτοῦ
507 864 668 940 συγγραφῇ.

208 957 317 1014 Verum
334 955 564 1031 sapientissimus
579 955 736 1033 Eutropius
760 954 1009 1034 Chronographus
1023 977 1058 1015 ex
1074 957 1117 1016 his
1132 958 1272 1018 nonnulla

168 1053 198 1113 in
213 1054 332 1131 scriptis
348 1052 408 1114 suis
422 1052 651 1120 alitertrudidit.

171 1232 267 1302 Josu.
289 1233 525 1300 Soresheriensis
544 1233 599 1300 lio.
615 1251 698 1299 vrrl.
718 1233 755 1297 de
781 1232 881 1319 Nugis
903 1233 1091 1313 Curiatium,
1114 1258 1140 1300 c.
1156 1236 1211 1302 21.
1234 1236 1271 1300 de

643 1336 787 1404 Juliano.

167 1467 175 1474 “
211 1456 398 1539 Eutropius
421 1475 566 1539 quoque,
592 1457 649 1539 qui
683 1456 873 1521 Romanam
900 1459 1043 1539 eleganti
1070 1459 1271 1540 compendio

169 1559 328 1623 describit
340 1557 524 1635 historiam,
541 1565 726 1641 peremtum
740 1558 862 1623 fatetur
876 1562 910 1623 in
925 1561 1053 1623 castris.

171 1742 266 1808 Geor.
284 1741 420 1807 Codinus
444 1741 482 1806 de
506 1740 662 1828 Originib.
688 1741 922 1826 Corrstontirrop.
944 1768 979 1829 p.
994 1747 1027 1810 9.
1043 1745 1117 1810 edit.
1135 1745 1216 1808 Por.
1237 1746 1270 1810 iu

598 1844 667 1931 ful.
687 1870 718 1910 n.
734 1864 833 1914 xvir.

208 1965 268 2024 Kal
282 1964 432 2039 Etrponros
445 1966 461 2022 ὁ
476 1967 616 2043 σοφιστὴς,
632 1965 647 2021 ὁ
661 1971 699 2045 τῷ
721 1964 875 2048 παραβᾶτῃ
898 1965 1045 2045 Ἰουλιανῷ
1065 1970 1218 2044 συμπαρὼν
1232 1967 1265 2024 ἓν

167 2066 202 2142 τῇ
215 2060 347 2137 Περσίδι,
363 2065 409 2120 καὶ
423 2064 438 2120 ὁ
452 2063 691 2138 ἐπιστολογράφοε
704 2059 948 2121 Κωνσταντίνονῖ

209 2157 423 2238 EtEutropius
448 2158 599 2236 Sophista,
623 2158 675 2235 qui
698 2176 767 2216 cum
789 2158 910 2217 Juliano
933 2161 1076 2235 apostata
1098 2158 1126 2217 iu
1148 2159 1264 2218 Perside

167 2255 255 2318 simul
269 2254 332 2324 firit,
348 2264 378 2315 et
393 2253 578 2316 Constantini
591 2254 664 2333 [nn]
678 2254 943 2332 epistolograplius.

415 2434 467 2499 Eo
496 2435 619 2522 Sigouii
631 2434 763 2500 Judicio
786 2435 823 2500 de
843 2435 1019 2500 Historicis.

212 2555 365 2622 Flauius³
390 2555 573 2638 Eutropius
597 2554 659 2619 sub
675 2553 912 2620 Valentiniano
935 2556 1063 2639 majore
1079 2555 1183 2637 vixit3
1206 2558 1265 2620 sod

166 2678 244 2727 sum
265 2678 309 2723 ex
324 2658 422 2723 Livio
446 2663 480 2722 et
494 2658 653 2722 Sallustio
677 2677 741 2735 ros,
754 2658 851 2722 nobis
867 2678 951 2722 nunc
973 2660 1111 2741 ignotas,
1127 2659 1266 2741 decerp-

168 2764 267 2841 serio
301 2767 336 2825 et
359 2780 504 2844 omnem-⁴
516 2759 704 2824 Historiam
728 2757 916 2822 Romanam
941 2759 1086 2822 brevitor
1119 2760 1162 2821 ab
1186 2760 1267 2823 urbo

167 2864 305 2936 oondita
319 2881 428 2946 usque
454 2862 497 2925 ad
521 2861 647 2926 Juliani
674 2861 842 2944 Principis
866 2868 1007 2926 mortem
1029 2862 1122 2925 libris
1149 2860 1268 2927 decem

166 2971 392 3053 persequatur,
407 2964 519 3047 magni
535 2964 666 3030 anobis
680 2963 750 3028 lieri
766 2963 877 3029 debet.
901 3031 907 3043 ,

298 3146 376 3212 Ger.
399 3147 536 3213 Joonnes
555 3145 585 3208 V
583 3146 687 3224 ossius,
706 3145 793 3211 Hist.
808 3143 884 3212 Lot.
908 3145 986 3213 l.1r.
1010 3171 1077 3233 cop.
1092 3149 1124 3214 8.

207 3267 405 3351 Eutropius
418 3268 569 3350 sophista
582 3267 698 3343 Italus,
711 3273 748 3332 ut
763 3287 838 3330 eum
854 3274 952 3332 vocat
963 3269 1098 3345 Suidas,
1109 3290 1183 3334 cum
1201 3269 1268 3334 alia

166 3370 334 3456 quaedam,
349 3369 467 3433 eodem
482 3376 579 3448 toste,
594 3376 662 3434 tum
677 3371 879 3434 breviarium
904 3371 1041 3453 scripsit
1062 3391 1172 3436 rorum
1195 3371 1266 3435 Ro·

165 3491 341 3536 manarum
355 3472 398 3536 ab
412 3470 456 3537 U.
470 3471 509 3537 C.
522 3493 628 3556 usquo
644 3474 688 3537 ad
712 3472 865 3536 Flauium
877 3471 1052 3536 Valentem
1063 3471 1265 3553 Augustum,

167 3574 229 3644 cni,
246 3579 281 3637 et
302 3593 388 3658 opus
411 3595 507 3639 suom
521 3575 668 3650 dicavit.
713 3576 882 3640 Militasse
902 3596 938 3638 so
964 3577 1013 3639 ait
1039 3576 1102 3639 sub
1117 3575 1267 3653 loliano,

166 3681 266 3757 alque
281 3675 493 3757 expeditioni
514 3677 587 3761 ojus
608 3678 642 3740 in
663 3677 788 3746 Persas
804 3677 1001 3742 interfuisse.
1047 3676 1126 3755 Quo
1144 3684 1176 3743 et
1192 3698 1266 3760 por·

165 3775 267 3844 tinent
282 3779 382 3842 verba
397 3778 533 3861 Georgii
554 3778 675 3847 Codini
697 3781 731 3848 in
747 3780 888 3845 Selootis
910 3779 951 3844 de
967 3778 1163 3861 Originibus
1178 3778 1266 3845 Con·

661 3972 770 4024 NOTAE

196 4110 213 4156 ²
228 4105 273 4155 Sic
281 4100 434 4153 emendanti.
446 4114 479 4149 sn
490 4099 555 4149 lllss.
566 4104 640 4163 putet
649 4111 696 4160 pro
735 4096 813 4144 men?
830 4094 904 4146 Nulli
920 4095 1016 4158 qiilppe
1028 4093 1132 4144 codices
1144 4095 1186 4145 vel
1197 4067 1268 4147 ltlis.¹

165 4179 428 4246 utpumvmon.
446 4174 523 4226 Heor.
735 4173 778 4222 rsl
798 4171 916 4236 impressi
928 4171 965 4222 ita
974 4170 1079 4222 habent.
1112 4172 1190 4224 lleor.
1260 4243 1263 4250 μ

197 4260 214 4306 ⁸
229 4254 307 4307 Unde
326 4250 431 4318 sigonio
441 4251 490 4300 ltoo
505 4249 587 4299 Huni
597 4261 697 4313 proeno·
