3017 4859
254 341 297 411 16
671 360 721 409 ur
745 359 933 410 norrorro

254 506 456 571 existimant.
509 504 657 569 Eandem
686 506 787 571 etiam
816 525 965 586 causam,
991 527 1050 573 cur
1077 506 1283 576 malausa
1312 530 1350 576 se

255 606 447 690 Eutropium
462 608 496 669 in
513 606 536 671 J
538 606 639 670 uliani
656 606 728 670 vita
744 606 933 690 discrepare
948 608 1083 688 scribat,
1098 630 1165 690 non
1180 617 1297 675 temere
1313 612 1350 676 in

252 709 341 774 notis
355 709 547 791 suspicatur
562 707 788 787 Chilmeadus,
799 710 977 792 studiique,
993 712 1022 774 si
1043 709 1248 778 Christianus
1266 713 1351 778 fuis·

253 817 314 889 set,
329 810 453 894 indicia
466 811 501 874 in
516 807 596 874 vitis
616 810 821 876 Diocletiani
845 819 878 878 et
900 811 1107 877 Constantini
1120 820 1283 897 repertum
1308 815 1349 882 iri

252 906 503 976 Tillemontius.¹
540 908 630 975 luter
653 891 831 995 utramque
850 914 1040 997 opinionem
1058 914 1234 980 fluctuatur
1247 915 1350 980 Boni·

252 1007 381 1091 sacius,J
399 1033 459 1078 nec
473 1013 597 1097 liquere
610 1017 715 1098 putat,
729 1033 829 1096 quam
844 1015 1031 1097 religionem
1042 1014 1216 1099 professus
1234 1015 1330 1080 fuerit
1336 1037 1350 1100 3

253 1116 378 1200 quippe
392 1115 484 1199 quod
506 1115 541 1179 in
564 1116 744 1181 colliminio
760 1117 966 1180 tenebrarum
985 1123 1016 1180 et
1036 1113 1121 1180 lucis
1138 1118 1351 1198 constitutae,

252 1237 315 1281 nec
339 1237 542 1301 paganorum
565 1219 647 1281 ritus
670 1219 837 1301 probaret,
861 1238 919 1281 nec
944 1217 1076 1282 Christo
1103 1226 1209 1300 tamen
1231 1239 1350 1288 nomeu

253 1313 332 1383 dare
359 1318 504 1384 auderet.
559 1318 624 1382 Sed
652 1317 777 1382 dirimit
804 1319 1075 1401 disceptationem
1104 1318 1194 1382 illam
1217 1340 1350 1404 remque

253 1428 362 1504 aperte
377 1426 515 1486 testatur
529 1420 563 1486 N
564 1419 741 1504 icephorus
755 1414 951 1501 Gregoras}
970 1420 1028 1504 qui
1042 1420 1135 1484 illum
1146 1427 1246 1484 vocat
1259 1421 1349 1506 ineo·

217 1535 224 1548 ·
254 1519 344 1596 alnou
360 1518 504 1611 θρησκείας
515 1521 662 1610 τρόφιμον,
677 1527 709 1585 et
719 1522 753 1586 vi
774 1523 849 1585 sola
862 1523 1011 1586 veritatis
1025 1522 1126 1586 ictum
1141 1519 1349 1608 Constantini

253 1625 304 1691 Μ.
327 1628 463 1692 virtutes
482 1626 685 1710 praedicasse
709 1625 838 1701 scribit,
858 1622 893 1686 iu
916 1642 958 1687 eo
982 1621 1116 1708 quidem
1140 1623 1259 1707 majori
1280 1623 1348 1688 'fide

253 1728 398 1811 dignum,
424 1729 469 1789 tut
486 1729 526 1791 vl
534 1733 586 1804 τῆς
608 1721 952 1813 θρησκείαςγάκοινῶνητον
972 1724 1020 1786 καὶ
1044 1723 1193 1802 ἡλικιώτην
1213 1728 1280 1807 ὁμοῦ
1298 1721 1347 1786 xoel

252 1827 573 1919 atpwtdrp'loutmut
592 1825 768 1913 γεγενέσθαι.
813 1826 996 1909 Eutropius
1016 1832 1124 1890 autem
1144 1825 1348 1892 Christianos

251 1931 411 1997 habemus
440 1933 535 2010 alios,
561 1951 583 1994 a
601 1935 718 1995 nostro
752 1930 850 2013 plane
874 1928 1034 2005 diversos,
1060 1928 1103 1993 de
1126 1929 1348 2014 quibuscum

251 2034 397 2098 alienum
412 2035 457 2098 sit
471 2054 491 2097 a
505 2019 579 2097 m'eo
594 2032 734 2097 consilio
750 2029 928 2106 disserere,
941 2029 999 2111 qui
1011 2048 1209 2113 cognoscere
1225 2029 1346 2112 cupiat,

251 2134 423 2199 commode
438 2134 610 2199 consulere
621 2132 743 2218 poterit
758 2126 973 2194 Fabricium.¹

711 2345 815 2414 CAP.
845 2347 891 2412 V.

498 2546 503 2556 ·
567 2519 616 2567 DE
639 2515 807 2567 scalenis
832 2516 1024 2566 Ell'l'ROPll.

293 2633 485 2702 Iunonum*
493 2637 639 2701 maxime
650 2634 830 2718 Eutropius
838 2634 1002 2698 breviario
1012 2635 1156 2699 historiae
1170 2633 1346 2712 Romanae,

250 2739 285 2803 in
300 2739 414 2805 decem
427 2739 532 2803 libros
545 2735 724 2820 descripto,
739 2735 829 2819 quod
842 2734 1059 2819 Imperatoris
1074 2736 1225 2802 Valentis
1237 2719 1346 2821 jussu,

250 2847 287 2906 ut
300 2842 374 2926 ipse
388 2840 421 2904 in
431 2839 622 2924 praefatione
638 2817 789 2915 affirmaf,
805 2837 963 2917 confecit,
979 2841 1011 2901 et
1024 2836 1100 2901 inde
1115 2836 1159 2900 ab
1174 2837 1253 2901 urbe
1270 2856 1347 2902 con·
1435 2889 1442 2906 ,

249 2941 330 3021 dita,
346 2941 390 3006 ad
417 2940 567 3004 Valentis
592 2946 742 3023 tempora
767 2939 918 3016 deduxit,
943 2939 1069 3022 quippe
1092 2936 1279 3021 inquibus,
1303 2936 1346 3000 ad

249 3041 430 3107 uberiorem
457 3047 490 3105 et
514 3042 709 3106 ornatiorem
734 3039 908 3104 historiam
938 3042 1187 3122 separaturum,
1212 3038 1344 3105 desinit.

248 3142 285 3207 Si
301 3141 465 3208 Codicum
479 3144 685 3227 quorundam
708 3143 811 3208 lectio
837 3146 1012 3220 constaret,
1031 3141 1064 3204 in
1080 3142 1203 3224 quibus
1217 3139 1346 3206 Valens

252 3238 400 3307 Gothicus
414 3252 560 3321 vocatur,
575 3243 684 3307 editus
698 3243 797 3308 fuerit
811 3244 866 3308 hic
881 3243 964 3307 liber
983 3247 1062 3325 post
1079 3232 1200 3305 anuum
1217 3239 1255 3304 C.
1270 3242 1345 3308 376.

248 3365 315 3428 quo
334 3344 446 3409 foedus
461 3365 539 3409 cum
554 3342 677 3408 Gothis
700 3345 777 3408 iniit
802 3344 939 3420 Valens,
955 3348 988 3406 et
1012 3351 1154 3407 antean.
1180 3341 1255 3407 378.
1277 3363 1344 3430 quo

248 3445 379 3510 occidit.
424 3443 474 3509 At
487 3444 686 3527 refragantur
701 3451 826 3510 tantum
846 3465 912 3509 non
925 3465 1038 3508 omnes
1051 3445 1131 3509 boni
1150 3443 1293 3510 Codices
1312 3449 1346 3509 et

246 3546 408 3612 editiones
421 3547 569 3630 antiquae
584 3553 661 3611 ante
687 3546 942 3625 Schonhovium,
966 3548 1016 3611 ita
1035 3553 1071 3612 ut
1093 3547 1252 3630 temporis
1266 3545 1344 3610 inde

744 3728 850 3779 KOTAE

278 3847 290 3883 l
315 3845 348 3899 ln
369 3849 504 3916 dirouogt.
525 3850 572 3900 lib.
597 3863 660 3901 xm.
687 3866 714 3915 p.
733 3854 774 3901 ll.
815 3855 879 3900 terr.
890 3849 984 3899 eccles.
995 3864 1020 3900 n.
1038 3855 1078 3901 ³9.
1093 3865 1120 3914 p.
1130 3855 1154 3902 7.
1171 3848 1238 3915 (rid.
1257 3849 1283 3898 in
1295 3844 1343 3900 Fa·

246 3922 337 3993 (Vsu.)
815 3928 890 3978 bricii
908 3929 967 3978 hist.
990 3927 1098 3993 eccles.)
1122 3943 1159 3992 se,
1179 3923 1249 3993 quod
1269 3935 1343 3977 certo

277 4000 285 4035 ¹
300 4003 331 4053 ln
348 4003 407 4053 lrist.
418 4004 464 4054 dea
481 4006 637 4070 Empereurs
647 4005 718 4052 Tem.
730 4016 774 4052 nr.
814 4010 923 4064 statuat,
933 4017 983 4053 non
996 4003 1090 4053 urbere
1100 4003 1175 4055 dicit.

245 4084 338 4143 plut.
847 4076 1259 4129 *lucrationeencomtuaat
1375 4113 1380 4122 ·

274 4152 370 4205 lloco
391 4169 470 4219 supra
489 4155 612 4206 iudicato.
655 4156 699 4206 Sic
718 4154 773 4207 An·
846 4152 853 4187 ¹
869 4154 900 4205 C.
911 4155 929 4203 1.
942 4168 968 4217 p.
981 4157 1037 4204 18².
1055 4167 1094 4219 sq.

244 4229 333 4281 bertus
346 4230 453 4281 Miratus
463 4230 489 4280 ln
500 4231 618 4281 auctario
637 4231 671 4280 de
689 4231 772 4295 scrip·
