<?xml version="1.0" encoding="UTF-8"?>
<!DOCTYPE html PUBLIC "-//W3C//DTD XHTML 1.0 Transitional//EN"
    "http://www.w3.org/TR/xhtml1/DTD/xhtml1-transitional.dtd">
<html xmlns="http://www.w3.org/1999/xhtml" xml:lang="en" lang="en">
 <head>
  <title>
</title>
<meta http-equiv="Content-Type" content="text/html;charset=utf-8" />
  <meta name='ocr-system' content='tesseract 3.04.00' />
  <meta name='ocr-capabilities' content='ocr_page ocr_carea ocr_par ocr_line ocrx_word'/>
</head>
<body>
  <div class='ocr_page' id='page_1' title='image "./breviariumhisto00verhgoog_0018.png"; bbox 0 0 3017 4859; ppageno 0'>
   <div class='ocr_carea' id='block_1_1' title="bbox 235 355 913 445">
    <p class='ocr_par' dir='ltr' id='par_1_1' title="bbox 235 355 913 445">
     <span class='ocr_line' id='line_1_1' title="bbox 235 355 913 445; baseline -0.007 0"><span class='ocrx_word' id='word_1_1' title='bbox 235 377 260 445; x_wconf 73' lang='grc'><strong>6</strong></span> <span class='ocrx_word' id='word_1_2' title='bbox 651 393 700 441; x_wconf 87' lang='lat' dir='ltr'><strong>ns</strong></span> <span class='ocrx_word' id='word_1_3' title='bbox 724 355 913 441; x_wconf 73' lang='lat' dir='ltr'><strong>cursorio</strong></span> 
     </span>
    </p>
   </div>
   <div class='ocr_carea' id='block_1_2' title="bbox 147 534 1367 3890">
    <p class='ocr_par' dir='ltr' id='par_1_2' title="bbox 147 534 1367 3890">
     <span class='ocr_line' id='line_1_2' title="bbox 238 534 1335 622; baseline -0.004 -15"><span class='ocrx_word' id='word_1_4' title='bbox 238 541 279 607; x_wconf 85' lang='lat'><strong>0.</strong></span> <span class='ocrx_word' id='word_1_5' title='bbox 292 538 369 605; x_wconf 72' lang='lat' dir='ltr'><strong>aaa.</strong></span> <span class='ocrx_word' id='word_1_6' title='bbox 378 542 418 604; x_wconf 88' lang='lat' dir='ltr'><strong>ut</strong></span> <span class='ocrx_word' id='word_1_7' title='bbox 432 536 548 604; x_wconf 87' lang='lat' dir='ltr'><strong>docuit</strong></span> <span class='ocrx_word' id='word_1_8' title='bbox 561 535 717 622; x_wconf 61' lang='lat' dir='ltr'><strong>effliges</strong></span> <span class='ocrx_word' id='word_1_9' title='bbox 739 539 775 602; x_wconf 92' lang='lat' dir='ltr'><strong>in</strong></span> <span class='ocrx_word' id='word_1_10' title='bbox 788 539 988 604; x_wconf 85' lang='lat' dir='ltr'><strong>lectionibus</strong></span> <span class='ocrx_word' id='word_1_11' title='bbox 1013 534 1229 614; x_wconf 75' lang='lat' dir='ltr'><strong>Ausoniauis,</strong></span> <span class='ocrx_word' id='word_1_12' title='bbox 1241 543 1278 601; x_wconf 89' lang='lat' dir='ltr'><strong>et</strong></span> <span class='ocrx_word' id='word_1_13' title='bbox 1289 557 1335 603; x_wconf 76' lang='lat' dir='ltr'><strong>ex</strong></span> 
     </span>
     <span class='ocr_line' id='line_1_3' title="bbox 237 638 1336 729; baseline -0.001 -23"><span class='ocrx_word' id='word_1_14' title='bbox 237 641 430 729; x_wconf 73' lang='lat' dir='ltr'><strong>Symmachi</strong></span> <span class='ocrx_word' id='word_1_15' title='bbox 441 641 518 705; x_wconf 93' lang='lat' dir='ltr'><strong>loco</strong></span> <span class='ocrx_word' id='word_1_16' title='bbox 533 659 635 724; x_wconf 88' lang='lat' dir='ltr'><strong>supra</strong></span> <span class='ocrx_word' id='word_1_17' title='bbox 647 648 828 710; x_wconf 85' lang='lat' dir='ltr'><strong>memorato</strong></span> <span class='ocrx_word' id='word_1_18' title='bbox 844 646 989 705; x_wconf 79' lang='lat' dir='ltr'>astruere</span> <span class='ocrx_word' id='word_1_19' title='bbox 1004 647 1146 704; x_wconf 84' lang='lat' dir='ltr'><strong>conatus</strong></span> <span class='ocrx_word' id='word_1_20' title='bbox 1159 645 1222 703; x_wconf 82' lang='lat' dir='ltr'><strong>est</strong></span> <span class='ocrx_word' id='word_1_21' title='bbox 1254 638 1336 705; x_wconf 86' lang='lat' dir='ltr'><strong>Fuit</strong></span> 
     </span>
     <span class='ocr_line' id='line_1_4' title="bbox 235 740 1335 827; baseline -0.004 -16"><span class='ocrx_word' id='word_1_22' title='bbox 235 747 313 811; x_wconf 61' lang='lat' dir='ltr'><strong>‘nam</strong></span> <span class='ocrx_word' id='word_1_23' title='bbox 327 743 505 827; x_wconf 85' lang='lat' dir='ltr'><strong>proconsul</strong></span> <span class='ocrx_word' id='word_1_24' title='bbox 529 740 633 819; x_wconf 80' lang='lat' dir='ltr'><strong>Asiae,</strong></span> <span class='ocrx_word' id='word_1_25' title='bbox 658 750 717 808; x_wconf 87' lang='lat' dir='ltr'><strong>sut</strong></span> <span class='ocrx_word' id='word_1_26' title='bbox 732 743 839 807; x_wconf 85' lang='lat' dir='ltr'><strong>fnisse</strong></span> <span class='ocrx_word' id='word_1_27' title='bbox 854 743 994 820; x_wconf 86' lang='lat' dir='ltr'><strong>ridetur,</strong></span> <span class='ocrx_word' id='word_1_28' title='bbox 1019 742 1201 824; x_wconf 81' lang='lat' dir='ltr'><strong>Eutropius</strong></span> <span class='ocrx_word' id='word_1_29' title='bbox 1221 749 1335 807; x_wconf 81' lang='lat' dir='ltr'><strong>noster</strong></span> 
     </span>
     <span class='ocr_line' id='line_1_5' title="bbox 237 843 1334 927; baseline -0.005 -14"><span class='ocrx_word' id='word_1_30' title='bbox 237 845 328 913; x_wconf 76' lang='lat' dir='ltr'><strong>clroa</strong></span> <span class='ocrx_word' id='word_1_31' title='bbox 346 863 378 909; x_wconf 81' lang='lat' dir='ltr'><strong>a.</strong></span> <span class='ocrx_word' id='word_1_32' title='bbox 400 843 438 908; x_wconf 88' lang='lat' dir='ltr'><strong>C.</strong></span> <span class='ocrx_word' id='word_1_33' title='bbox 459 844 549 921; x_wconf 72' lang='lat'><strong>373,</strong></span> <span class='ocrx_word' id='word_1_34' title='bbox 579 844 785 927; x_wconf 76' lang='lat' dir='ltr'>Imperatore</span> <span class='ocrx_word' id='word_1_35' title='bbox 809 847 960 925; x_wconf 77' lang='lat' dir='ltr'>Valente,</span> <span class='ocrx_word' id='word_1_36' title='bbox 991 847 1039 910; x_wconf 90' lang='lat' dir='ltr'><strong>uti</strong></span> <span class='ocrx_word' id='word_1_37' title='bbox 1064 865 1106 908; x_wconf 83' lang='lat' dir='ltr'><strong>ex</strong></span> <span class='ocrx_word' id='word_1_38' title='bbox 1136 844 1334 908; x_wconf 72' lang='lat' dir='ltr'><strong>narrationis</strong></span> 
     </span>
     <span class='ocr_line' id='line_1_6' title="bbox 235 946 1335 1031; baseline -0.009 -15"><span class='ocrx_word' id='word_1_39' title='bbox 235 951 320 1016; x_wconf 76' lang='lat' dir='ltr'><strong>sona</strong></span> <span class='ocrx_word' id='word_1_40' title='bbox 331 949 489 1025; x_wconf 82' lang='lat' dir='ltr'><strong>discetur,</strong></span> <span class='ocrx_word' id='word_1_41' title='bbox 503 947 544 1011; x_wconf 89' lang='lat' dir='ltr'><strong>de</strong></span> <span class='ocrx_word' id='word_1_42' title='bbox 555 966 622 1030; x_wconf 91' lang='lat' dir='ltr'><strong>quo</strong></span> <span class='ocrx_word' id='word_1_43' title='bbox 637 946 725 1011; x_wconf 81' lang='lat' dir='ltr'><strong>inira</strong></span> <span class='ocrx_word' id='word_1_44' title='bbox 739 947 869 1012; x_wconf 89' lang='lat' dir='ltr'><strong>dicendi</strong></span> <span class='ocrx_word' id='word_1_45' title='bbox 884 967 1021 1031; x_wconf 87' lang='lat' dir='ltr'><strong>campus</strong></span> <span class='ocrx_word' id='word_1_46' title='bbox 1036 947 1164 1030; x_wconf 86' lang='lat' dir='ltr'><strong>patebit</strong></span> <span class='ocrx_word' id='word_1_47' title='bbox 1179 946 1335 1028; x_wconf 78' lang='lat' dir='ltr'><strong>apertior.</strong></span> 
     </span>
     <span class='ocr_line' id='line_1_7' title="bbox 235 1046 1337 1134; baseline -0.006 -17"><span class='ocrx_word' id='word_1_48' title='bbox 235 1049 283 1117; x_wconf 75' lang='lat' dir='ltr'>Ar</span> <span class='ocrx_word' id='word_1_49' title='bbox 296 1051 477 1134; x_wconf 77' lang='lat' dir='ltr'>refragatur</span> <span class='ocrx_word' id='word_1_50' title='bbox 489 1054 674 1133; x_wconf 88' lang='lat' dir='ltr'><strong>tempomm</strong></span> <span class='ocrx_word' id='word_1_51' title='bbox 688 1052 786 1128; x_wconf 90' lang='lat' dir='ltr'><strong>ratio,</strong></span> <span class='ocrx_word' id='word_1_52' title='bbox 800 1069 868 1133; x_wconf 90' lang='lat' dir='ltr'><strong>qno</strong></span> <span class='ocrx_word' id='word_1_53' title='bbox 887 1051 993 1113; x_wconf 89' lang='lat' dir='ltr'><strong>miuus</strong></span> <span class='ocrx_word' id='word_1_54' title='bbox 1012 1056 1186 1133; x_wconf 87' lang='lat' dir='ltr'><strong>utrumque</strong></span> <span class='ocrx_word' id='word_1_55' title='bbox 1199 1046 1337 1111; x_wconf 53' lang='lat' dir='ltr'><strong>coucilia</strong></span> 
     </span>
     <span class='ocr_line' id='line_1_8' title="bbox 236 1148 1335 1237; baseline -0.006 -17"><span class='ocrx_word' id='word_1_56' title='bbox 236 1155 286 1221; x_wconf 70' lang='grc' dir='ltr'><strong>ατί</strong></span> <span class='ocrx_word' id='word_1_57' title='bbox 305 1158 340 1219; x_wconf 90' lang='lat' dir='ltr'><strong>et</strong></span> <span class='ocrx_word' id='word_1_58' title='bbox 362 1153 519 1237; x_wconf 91' lang='lat' dir='ltr'><strong>componi</strong></span> <span class='ocrx_word' id='word_1_59' title='bbox 542 1159 630 1217; x_wconf 88' lang='lat' dir='ltr'><strong>recte</strong></span> <span class='ocrx_word' id='word_1_60' title='bbox 655 1153 774 1236; x_wconf 83' lang='lat' dir='ltr'><strong>possit.</strong></span> <span class='ocrx_word' id='word_1_61' title='bbox 801 1152 937 1230; x_wconf 81' lang='lat' dir='ltr'><strong>immo,</strong></span> <span class='ocrx_word' id='word_1_62' title='bbox 956 1172 999 1217; x_wconf 89' lang='lat' dir='ltr'><strong>an</strong></span> <span class='ocrx_word' id='word_1_63' title='bbox 1017 1158 1127 1216; x_wconf 89' lang='lat' dir='ltr'><strong>noster</strong></span> <span class='ocrx_word' id='word_1_64' title='bbox 1141 1148 1335 1235; x_wconf 84' lang='lat' dir='ltr'><strong>Symmachi</strong></span> 
     </span>
     <span class='ocr_line' id='line_1_9' title="bbox 234 1252 1367 1339; baseline -0.006 -18"><span class='ocrx_word' id='word_1_65' title='bbox 234 1256 415 1339; x_wconf 84' lang='lat' dir='ltr'>Eutropius</span> <span class='ocrx_word' id='word_1_66' title='bbox 436 1255 550 1332; x_wconf 86' lang='lat' dir='ltr'><strong>suerit,</strong></span> <span class='ocrx_word' id='word_1_67' title='bbox 572 1273 631 1318; x_wconf 88' lang='lat' dir='ltr'><strong>nec</strong></span> <span class='ocrx_word' id='word_1_68' title='bbox 652 1256 735 1318; x_wconf 88' lang='lat' dir='ltr'><strong>satis</strong></span> <span class='ocrx_word' id='word_1_69' title='bbox 753 1260 875 1319; x_wconf 89' lang='lat' dir='ltr'><strong>certum</strong></span> <span class='ocrx_word' id='word_1_70' title='bbox 889 1264 953 1332; x_wconf 85' lang='lat' dir='ltr'><strong>est,</strong></span> <span class='ocrx_word' id='word_1_71' title='bbox 972 1262 1007 1319; x_wconf 90' lang='lat' dir='ltr'><strong>et</strong></span> <span class='ocrx_word' id='word_1_72' title='bbox 1022 1254 1112 1336; x_wconf 84' lang='lat' dir='ltr'><strong>graui</strong></span> <span class='ocrx_word' id='word_1_73' title='bbox 1128 1252 1334 1316; x_wconf 80' lang='lat' dir='ltr'><strong>dubitatione</strong></span> <span class='ocrx_word' id='word_1_74' title='bbox 1364 1331 1367 1337; x_wconf 20' lang='grc' dir='ltr'>ι</span> 
     </span>
     <span class='ocr_line' id='line_1_10' title="bbox 237 1353 1336 1443; baseline -0.004 -21"><span class='ocrx_word' id='word_1_75' title='bbox 237 1360 405 1443; x_wconf 85' lang='lat' dir='ltr'><strong>premitur.</strong></span> <span class='ocrx_word' id='word_1_76' title='bbox 450 1354 577 1421; x_wconf 87' lang='lat' dir='ltr'>Noster</span> <span class='ocrx_word' id='word_1_77' title='bbox 602 1356 701 1434; x_wconf 86' lang='lat' dir='ltr'><strong>enirn,</strong></span> <span class='ocrx_word' id='word_1_78' title='bbox 729 1363 888 1441; x_wconf 90' lang='lat' dir='ltr'><strong>quantum</strong></span> <span class='ocrx_word' id='word_1_79' title='bbox 913 1378 957 1422; x_wconf 81' lang='lat' dir='ltr'><strong>ex</strong></span> <span class='ocrx_word' id='word_1_80' title='bbox 981 1357 1114 1421; x_wconf 88' lang='lat' dir='ltr'><strong>indiciis</strong></span> <span class='ocrx_word' id='word_1_81' title='bbox 1144 1353 1336 1419; x_wconf 81' lang='lat' dir='ltr'><strong>manil&#39;estis</strong></span> 
     </span>
     <span class='ocr_line' id='line_1_11' title="bbox 233 1454 1332 1545; baseline -0.006 -20"><span class='ocrx_word' id='word_1_82' title='bbox 233 1466 384 1545; x_wconf 81' lang='lat' dir='ltr'><strong>apparet,</strong></span> <span class='ocrx_word' id='word_1_83' title='bbox 410 1460 445 1522; x_wconf 85' lang='lat' dir='ltr'><strong>iu</strong></span> <span class='ocrx_word' id='word_1_84' title='bbox 469 1455 613 1522; x_wconf 76' lang='lat' dir='ltr'><strong>Orientis</strong></span> <span class='ocrx_word' id='word_1_85' title='bbox 638 1460 782 1522; x_wconf 83' lang='lat' dir='ltr'><strong>maxime</strong></span> <span class='ocrx_word' id='word_1_86' title='bbox 808 1460 958 1543; x_wconf 89' lang='lat' dir='ltr'><strong>partibus</strong></span> <span class='ocrx_word' id='word_1_87' title='bbox 978 1466 1130 1522; x_wconf 82' lang='lat' dir='ltr'><strong>versatus</strong></span> <span class='ocrx_word' id='word_1_88' title='bbox 1149 1463 1211 1521; x_wconf 87' lang='lat' dir='ltr'><strong>est.</strong></span> <span class='ocrx_word' id='word_1_89' title='bbox 1256 1454 1332 1533; x_wconf 81' lang='lat' dir='ltr'><strong>Ille,</strong></span> 
     </span>
     <span class='ocr_line' id='line_1_12' title="bbox 235 1557 1334 1647; baseline -0.005 -22"><span class='ocrx_word' id='word_1_90' title='bbox 235 1579 334 1647; x_wconf 81' lang='lat' dir='ltr'><strong>quem</strong></span> <span class='ocrx_word' id='word_1_91' title='bbox 348 1560 570 1646; x_wconf 80' lang='lat' dir='ltr'><strong>Symmachus</strong></span> <span class='ocrx_word' id='word_1_92' title='bbox 583 1572 825 1638; x_wconf 87' lang='lat' dir='ltr'><strong>commemorat,</strong></span> <span class='ocrx_word' id='word_1_93' title='bbox 840 1569 874 1624; x_wconf 86' lang='lat' dir='ltr'><strong>et</strong></span> <span class='ocrx_word' id='word_1_94' title='bbox 886 1566 1010 1644; x_wconf 89' lang='lat' dir='ltr'><strong>partem</strong></span> <span class='ocrx_word' id='word_1_95' title='bbox 1021 1560 1235 1642; x_wconf 79' lang='lat' dir='ltr'><strong>antiquiorem</strong></span> <span class='ocrx_word' id='word_1_96' title='bbox 1250 1557 1334 1621; x_wconf 86' lang='lat' dir='ltr'><strong>anri·</strong></span> 
     </span>
     <span class='ocr_line' id='line_1_13' title="bbox 233 1662 1332 1744; baseline -0.005 -16"><span class='ocrx_word' id='word_1_97' title='bbox 233 1682 349 1728; x_wconf 89' lang='lat' dir='ltr'><strong>corum</strong></span> <span class='ocrx_word' id='word_1_98' title='bbox 358 1679 491 1727; x_wconf 89' lang='lat' dir='ltr'><strong>suorum</strong></span> <span class='ocrx_word' id='word_1_99' title='bbox 505 1664 638 1741; x_wconf 83' lang='lat' dir='ltr'><strong>vocat,¹¹¹</strong></span> <span class='ocrx_word' id='word_1_100' title='bbox 662 1665 697 1727; x_wconf 90' lang='lat' dir='ltr'><strong>in</strong></span> <span class='ocrx_word' id='word_1_101' title='bbox 709 1663 808 1729; x_wconf 85' lang='lat' dir='ltr'><strong>ltalia</strong></span> <span class='ocrx_word' id='word_1_102' title='bbox 823 1663 881 1728; x_wconf 90' lang='lat' dir='ltr'><strong>diu</strong></span> <span class='ocrx_word' id='word_1_103' title='bbox 892 1664 969 1744; x_wconf 82' lang='lat' dir='ltr'><strong>egit,</strong></span> <span class='ocrx_word' id='word_1_104' title='bbox 983 1668 1018 1727; x_wconf 89' lang='lat' dir='ltr'><strong>et</strong></span> <span class='ocrx_word' id='word_1_105' title='bbox 1031 1669 1106 1726; x_wconf 88' lang='lat' dir='ltr'><strong>aute</strong></span> <span class='ocrx_word' id='word_1_106' title='bbox 1120 1662 1247 1726; x_wconf 88' lang='lat' dir='ltr'><strong>abitum</strong></span> <span class='ocrx_word' id='word_1_107' title='bbox 1262 1678 1332 1722; x_wconf 85' lang='lat' dir='ltr'><strong>ser·</strong></span> 
     </span>
     <span class='ocr_line' id='line_1_14' title="bbox 232 1764 1333 1851; baseline -0.005 -19"><span class='ocrx_word' id='word_1_108' title='bbox 232 1781 348 1832; x_wconf 79' lang='lat' dir='ltr'><strong>mones</strong></span> <span class='ocrx_word' id='word_1_109' title='bbox 362 1766 581 1830; x_wconf 68' lang='lat' dir='ltr'><strong>suavissimos</strong></span> <span class='ocrx_word' id='word_1_110' title='bbox 595 1784 672 1829; x_wconf 87' lang='lat' dir='ltr'><strong>cum</strong></span> <span class='ocrx_word' id='word_1_111' title='bbox 686 1767 762 1849; x_wconf 87' lang='lat' dir='ltr'><strong>ipso</strong></span> <span class='ocrx_word' id='word_1_112' title='bbox 777 1786 867 1851; x_wconf 83' lang='lat' dir='ltr'><strong>saepe</strong></span> <span class='ocrx_word' id='word_1_113' title='bbox 879 1767 1067 1843; x_wconf 85' lang='lat' dir='ltr'><strong>miscuerat,</strong></span> <span class='ocrx_word' id='word_1_114' title='bbox 1075 1770 1113 1828; x_wconf 87' lang='lat' dir='ltr'><strong>ut</strong></span> <span class='ocrx_word' id='word_1_115' title='bbox 1125 1784 1169 1828; x_wconf 87' lang='lat' dir='ltr'><strong>ex</strong></span> <span class='ocrx_word' id='word_1_116' title='bbox 1180 1764 1333 1847; x_wconf 83' lang='lat' dir='ltr'><strong>pluribus</strong></span> 
     </span>
     <span class='ocr_line' id='line_1_15' title="bbox 231 1855 1331 1960; baseline -0.005 -27"><span class='ocrx_word' id='word_1_117' title='bbox 231 1868 317 1933; x_wconf 83' lang='lat' dir='ltr'><strong>locis</strong></span> <span class='ocrx_word' id='word_1_118' title='bbox 331 1868 531 1951; x_wconf 76' lang='lat' dir='ltr'><strong>intelligitur.</strong></span> <span class='ocrx_word' id='word_1_119' title='bbox 576 1865 666 1945; x_wconf 84' lang='lat' dir='ltr'><strong>Quae</strong></span> <span class='ocrx_word' id='word_1_120' title='bbox 681 1867 817 1950; x_wconf 88' lang='lat' dir='ltr'><strong>quidem</strong></span> <span class='ocrx_word' id='word_1_121' title='bbox 831 1869 864 1960; x_wconf 86' lang='lat' dir='ltr'><strong>si</strong></span> <span class='ocrx_word' id='word_1_122' title='bbox 876 1870 953 1952; x_wconf 90' lang='lat' dir='ltr'><strong>quis</strong></span> <span class='ocrx_word' id='word_1_123' title='bbox 966 1867 1124 1951; x_wconf 79' lang='lat' dir='ltr'><strong>expedire</strong></span> <span class='ocrx_word' id='word_1_124' title='bbox 1137 1866 1227 1943; x_wconf 86' lang='lat' dir='ltr'><strong>velit,</strong></span> <span class='ocrx_word' id='word_1_125' title='bbox 1240 1870 1274 1928; x_wconf 88' lang='lat' dir='ltr'><strong>et</strong></span> <span class='ocrx_word' id='word_1_126' title='bbox 1288 1855 1331 1928; x_wconf 84' lang='lat' dir='ltr'><strong>sd</strong></span> 
     </span>
     <span class='ocr_line' id='line_1_16' title="bbox 231 1967 1332 2050; baseline -0.004 -17"><span class='ocrx_word' id='word_1_127' title='bbox 231 1976 379 2035; x_wconf 85' lang='lat' dir='ltr'><strong>nostrum</strong></span> <span class='ocrx_word' id='word_1_128' title='bbox 408 1971 538 2050; x_wconf 84' lang='lat' dir='ltr'><strong>referre,</strong></span> <span class='ocrx_word' id='word_1_129' title='bbox 561 1971 685 2035; x_wconf 88' lang='lat' dir='ltr'><strong>multas</strong></span> <span class='ocrx_word' id='word_1_130' title='bbox 709 1977 879 2034; x_wconf 86' lang='lat' dir='ltr'><strong>removeat</strong></span> <span class='ocrx_word' id='word_1_131' title='bbox 901 1990 922 2033; x_wconf 90' lang='lat' dir='ltr'><strong>a</strong></span> <span class='ocrx_word' id='word_1_132' title='bbox 948 1968 1180 2049; x_wconf 85' lang='lat' dir='ltr'><strong>chronologica</strong></span> <span class='ocrx_word' id='word_1_133' title='bbox 1202 1967 1332 2030; x_wconf 84' lang='lat' dir='ltr'><strong>ratione</strong></span> 
     </span>
     <span class='ocr_line' id='line_1_17' title="bbox 231 2069 1332 2156; baseline 0 -22"><span class='ocrx_word' id='word_1_134' title='bbox 231 2069 615 2156; x_wconf 73' lang='lat' dir='ltr'><strong>objectas&#39;difficultntes,</strong></span> <span class='ocrx_word' id='word_1_135' title='bbox 641 2091 751 2155; x_wconf 87' lang='lat' dir='ltr'><strong>neque</strong></span> <span class='ocrx_word' id='word_1_136' title='bbox 766 2077 874 2134; x_wconf 85' lang='lat' dir='ltr'><strong>tamen</strong></span> <span class='ocrx_word' id='word_1_137' title='bbox 896 2071 1027 2154; x_wconf 87' lang='lat' dir='ltr'><strong>lougius</strong></span> <span class='ocrx_word' id='word_1_138' title='bbox 1040 2071 1143 2133; x_wconf 87' lang='lat' dir='ltr'><strong>multo</strong></span> <span class='ocrx_word' id='word_1_139' title='bbox 1157 2087 1332 2154; x_wconf 77' lang='lat' dir='ltr'><strong>promove-</strong></span> 
     </span>
     <span class='ocr_line' id='line_1_18' title="bbox 230 2170 1330 2258; baseline -0.002 -21"><span class='ocrx_word' id='word_1_140' title='bbox 230 2172 292 2237; x_wconf 83' lang='lat' dir='ltr'><strong>bit.</strong></span> <span class='ocrx_word' id='word_1_141' title='bbox 336 2171 462 2238; x_wconf 79' lang='lat' dir='ltr'>Contra</span> <span class='ocrx_word' id='word_1_142' title='bbox 476 2172 617 2237; x_wconf 85' lang='lat' dir='ltr'><strong>Vinctus</strong></span> <span class='ocrx_word' id='word_1_143' title='bbox 630 2175 663 2238; x_wconf 92' lang='lat' dir='ltr'><strong>in</strong></span> <span class='ocrx_word' id='word_1_144' title='bbox 678 2173 876 2258; x_wconf 75' lang='lat' dir='ltr'><strong>praefatione</strong></span> <span class='ocrx_word' id='word_1_145' title='bbox 899 2172 942 2236; x_wconf 91' lang='lat' dir='ltr'><strong>ad</strong></span> <span class='ocrx_word' id='word_1_146' title='bbox 958 2172 1154 2255; x_wconf 86' lang='lat' dir='ltr'><strong>Eutropium</strong></span> <span class='ocrx_word' id='word_1_147' title='bbox 1168 2170 1330 2236; x_wconf 86' lang='lat' dir='ltr'><strong>Constan-</strong></span> 
     </span>
     <span class='ocr_line' id='line_1_19' title="bbox 230 2274 1330 2359; baseline 0 -22"><span class='ocrx_word' id='word_1_148' title='bbox 230 2274 482 2358; x_wconf 83' lang='lat' dir='ltr'><strong>tinopolitannm</strong></span> <span class='ocrx_word' id='word_1_149' title='bbox 504 2294 580 2341; x_wconf 88' lang='lat' dir='ltr'><strong>enm</strong></span> <span class='ocrx_word' id='word_1_150' title='bbox 603 2275 711 2341; x_wconf 82' lang='lat' dir='ltr'><strong>fuisse</strong></span> <span class='ocrx_word' id='word_1_151' title='bbox 738 2282 846 2359; x_wconf 86' lang='lat' dir='ltr'><strong>putat,</strong></span> <span class='ocrx_word' id='word_1_152' title='bbox 859 2296 930 2354; x_wconf 85' lang='lat' dir='ltr'><strong>seu,</strong></span> <span class='ocrx_word' id='word_1_153' title='bbox 958 2276 1090 2359; x_wconf 90' lang='lat' dir='ltr'><strong>qualem</strong></span> <span class='ocrx_word' id='word_1_154' title='bbox 1112 2294 1149 2338; x_wconf 89' lang='lat' dir='ltr'><strong>se</strong></span> <span class='ocrx_word' id='word_1_155' title='bbox 1172 2278 1330 2338; x_wconf 88' lang='lat' dir='ltr'><strong>memoret</strong></span> 
     </span>
     <span class='ocr_line' id='line_1_20' title="bbox 230 2373 1329 2460; baseline 0.002 -21"><span class='ocrx_word' id='word_1_156' title='bbox 230 2373 428 2441; x_wconf 81' lang='lat' dir='ltr'><strong>Ammianus</strong></span> <span class='ocrx_word' id='word_1_157' title='bbox 455 2377 696 2456; x_wconf 76' lang='lat' dir='ltr'><strong>Marcellinus,¹²</strong></span> <span class='ocrx_word' id='word_1_158' title='bbox 736 2376 895 2446; x_wconf 68' lang='lat' dir='ltr'><strong>Graecum</strong></span> <span class='ocrx_word' id='word_1_159' title='bbox 923 2383 956 2441; x_wconf 89' lang='lat' dir='ltr'><strong>et</strong></span> <span class='ocrx_word' id='word_1_160' title='bbox 976 2376 1161 2454; x_wconf 84' lang='lat' dir='ltr'><strong>militarem,</strong></span> <span class='ocrx_word' id='word_1_161' title='bbox 1187 2395 1329 2460; x_wconf 88' lang='lat' dir='ltr'><strong>eamque</strong></span> 
     </span>
     <span class='ocr_line' id='line_1_21' title="bbox 229 2477 1328 2562; baseline -0.002 -18"><span class='ocrx_word' id='word_1_162' title='bbox 229 2481 423 2545; x_wconf 81' lang='lat' dir='ltr'><strong>sententiam</strong></span> <span class='ocrx_word' id='word_1_163' title='bbox 436 2482 489 2545; x_wconf 90' lang='lat' dir='ltr'><strong>his</strong></span> <span class='ocrx_word' id='word_1_164' title='bbox 504 2478 706 2562; x_wconf 82' lang='lat' dir='ltr'><strong>argumentis</strong></span> <span class='ocrx_word' id='word_1_165' title='bbox 728 2479 875 2543; x_wconf 85' lang='lat' dir='ltr'><strong>stabilire</strong></span> <span class='ocrx_word' id='word_1_166' title='bbox 888 2478 1024 2558; x_wconf 82' lang='lat' dir='ltr'><strong>nititnr3</strong></span> <span class='ocrx_word' id='word_1_167' title='bbox 1046 2478 1136 2561; x_wconf 93' lang='lat' dir='ltr'><strong>quod</strong></span> <span class='ocrx_word' id='word_1_168' title='bbox 1165 2477 1240 2561; x_wconf 88' lang='lat' dir='ltr'><strong>ejus</strong></span> <span class='ocrx_word' id='word_1_169' title='bbox 1268 2498 1328 2542; x_wconf 91' lang='lat' dir='ltr'><strong>no-</strong></span> 
     </span>
     <span class='ocr_line' id='line_1_22' title="bbox 228 2580 1328 2665; baseline -0.001 -18"><span class='ocrx_word' id='word_1_170' title='bbox 228 2601 305 2647; x_wconf 89' lang='lat' dir='ltr'><strong>men</strong></span> <span class='ocrx_word' id='word_1_171' title='bbox 333 2583 466 2647; x_wconf 91' lang='lat' dir='ltr'><strong>unicum</strong></span> <span class='ocrx_word' id='word_1_172' title='bbox 495 2584 541 2649; x_wconf 92' lang='lat' dir='ltr'><strong>sit</strong></span> <span class='ocrx_word' id='word_1_173' title='bbox 568 2587 602 2647; x_wconf 92' lang='lat' dir='ltr'><strong>et</strong></span> <span class='ocrx_word' id='word_1_174' title='bbox 625 2581 881 2660; x_wconf 84' lang='lat' dir='ltr'><strong>Graeoauicum3</strong></span> <span class='ocrx_word' id='word_1_175' title='bbox 909 2582 997 2665; x_wconf 93' lang='lat' dir='ltr'><strong>quod</strong></span> <span class='ocrx_word' id='word_1_176' title='bbox 1027 2580 1100 2664; x_wconf 87' lang='lat' dir='ltr'><strong>ejus</strong></span> <span class='ocrx_word' id='word_1_177' title='bbox 1129 2581 1234 2646; x_wconf 89' lang='lat' dir='ltr'><strong>oratio</strong></span> <span class='ocrx_word' id='word_1_178' title='bbox 1262 2600 1328 2646; x_wconf 95' lang='lat' dir='ltr'><strong>non</strong></span> 
     </span>
     <span class='ocr_line' id='line_1_23' title="bbox 229 2681 1328 2769; baseline -0.001 -20"><span class='ocrx_word' id='word_1_179' title='bbox 229 2684 408 2749; x_wconf 84' lang='lat' dir='ltr'><strong>admodum</strong></span> <span class='ocrx_word' id='word_1_180' title='bbox 424 2684 577 2749; x_wconf 88' lang='lat' dir='ltr'><strong>Romana</strong></span> <span class='ocrx_word' id='word_1_181' title='bbox 596 2682 678 2769; x_wconf 87' lang='lat' dir='ltr'><strong>(nisi</strong></span> <span class='ocrx_word' id='word_1_182' title='bbox 693 2683 769 2767; x_wconf 90' lang='lat' dir='ltr'><strong>quis</strong></span> <span class='ocrx_word' id='word_1_183' title='bbox 783 2683 909 2748; x_wconf 78' lang='lat' dir='ltr'><strong>saeculo</strong></span> <span class='ocrx_word' id='word_1_184' title='bbox 923 2684 1016 2747; x_wconf 87' lang='lat' dir='ltr'><strong>malit</strong></span> <span class='ocrx_word' id='word_1_185' title='bbox 1030 2681 1228 2766; x_wconf 84' lang='lat' dir='ltr'><strong>ascribere);</strong></span> <span class='ocrx_word' id='word_1_186' title='bbox 1258 2689 1328 2748; x_wconf 89' lang='lat' dir='ltr'><strong>tum</strong></span> 
     </span>
     <span class='ocr_line' id='line_1_24' title="bbox 228 2781 1326 2869; baseline 0.001 -21"><span class='ocrx_word' id='word_1_187' title='bbox 228 2781 319 2869; x_wconf 89' lang='lat' dir='ltr'><strong>quod</strong></span> <span class='ocrx_word' id='word_1_188' title='bbox 343 2785 430 2849; x_wconf 88' lang='lat' dir='ltr'><strong>bella</strong></span> <span class='ocrx_word' id='word_1_189' title='bbox 457 2786 503 2850; x_wconf 89' lang='lat' dir='ltr'><strong>sit</strong></span> <span class='ocrx_word' id='word_1_190' title='bbox 527 2792 672 2864; x_wconf 88' lang='lat' dir='ltr'><strong>secutus,</strong></span> <span class='ocrx_word' id='word_1_191' title='bbox 686 2786 720 2850; x_wconf 90' lang='lat' dir='ltr'><strong>in</strong></span> <span class='ocrx_word' id='word_1_192' title='bbox 741 2804 782 2849; x_wconf 90' lang='lat' dir='ltr'><strong>eo</strong></span> <span class='ocrx_word' id='word_1_193' title='bbox 804 2785 884 2849; x_wconf 89' lang='lat' dir='ltr'><strong>orbe</strong></span> <span class='ocrx_word' id='word_1_194' title='bbox 896 2792 1009 2867; x_wconf 81' lang='lat' dir='ltr'><strong>gesta3</strong></span> <span class='ocrx_word' id='word_1_195' title='bbox 1039 2792 1218 2869; x_wconf 87' lang='lat' dir='ltr'><strong>postremo,</strong></span> <span class='ocrx_word' id='word_1_196' title='bbox 1234 2785 1326 2868; x_wconf 88' lang='lat' dir='ltr'><strong>quod</strong></span> 
     </span>
     <span class='ocr_line' id='line_1_25' title="bbox 228 2879 1327 2971; baseline 0 -21"><span class='ocrx_word' id='word_1_197' title='bbox 228 2879 273 2950; x_wconf 71' lang='lat' dir='ltr'><strong>ad</strong></span> <span class='ocrx_word' id='word_1_198' title='bbox 286 2906 363 2951; x_wconf 89' lang='lat' dir='ltr'><strong>eum</strong></span> <span class='ocrx_word' id='word_1_199' title='bbox 377 2888 556 2970; x_wconf 85' lang='lat' dir='ltr'><strong>scripserit,</strong></span> <span class='ocrx_word' id='word_1_200' title='bbox 571 2890 630 2971; x_wconf 92' lang='lat' dir='ltr'><strong>qui</strong></span> <span class='ocrx_word' id='word_1_201' title='bbox 644 2884 735 2968; x_wconf 89' lang='lat' dir='ltr'><strong>apud</strong></span> <span class='ocrx_word' id='word_1_202' title='bbox 759 2884 1079 2970; x_wconf 87' lang='lat' dir='ltr'><strong>Constantinopolim</strong></span> <span class='ocrx_word' id='word_1_203' title='bbox 1105 2894 1235 2971; x_wconf 81' lang='lat' dir='ltr'><strong>partem</strong></span> <span class='ocrx_word' id='word_1_204' title='bbox 1258 2885 1327 2950; x_wconf 84' lang='lat' dir='ltr'><strong>lm·</strong></span> 
     </span>
     <span class='ocr_line' id='line_1_26' title="bbox 226 2985 1325 3072; baseline 0.003 -21"><span class='ocrx_word' id='word_1_205' title='bbox 226 2985 313 3070; x_wconf 83' lang='lat' dir='ltr'><strong>perii</strong></span> <span class='ocrx_word' id='word_1_206' title='bbox 329 2986 472 3051; x_wconf 80' lang='lat' dir='ltr'><strong>Romam</strong></span> <span class='ocrx_word' id='word_1_207' title='bbox 488 2988 746 3052; x_wconf 85' lang='lat' dir='ltr'><strong>administrabat</strong></span> <span class='ocrx_word' id='word_1_208' title='bbox 793 2987 914 3072; x_wconf 87' lang='lat' dir='ltr'><strong>Neque</strong></span> <span class='ocrx_word' id='word_1_209' title='bbox 927 2996 1038 3053; x_wconf 87' lang='lat' dir='ltr'><strong>tamen</strong></span> <span class='ocrx_word' id='word_1_210' title='bbox 1052 2990 1122 3065; x_wconf 89' lang='lat' dir='ltr'><strong>illa,</strong></span> <span class='ocrx_word' id='word_1_211' title='bbox 1137 2990 1197 3052; x_wconf 87' lang='lat' dir='ltr'><strong>etsi</strong></span> <span class='ocrx_word' id='word_1_212' title='bbox 1213 3008 1325 3054; x_wconf 87' lang='lat' dir='ltr'><strong>nume·</strong></span> 
     </span>
     <span class='ocr_line' id='line_1_27' title="bbox 147 3088 1326 3172; baseline 0 -16"><span class='ocrx_word' id='word_1_213' title='bbox 147 3149 152 3156; x_wconf 91' lang='lat'>.</span> <span class='ocrx_word' id='word_1_214' title='bbox 225 3107 264 3153; x_wconf 85' lang='lat' dir='ltr'>ro</span> <span class='ocrx_word' id='word_1_215' title='bbox 278 3094 389 3166; x_wconf 85' lang='lat' dir='ltr'><strong>auctu,</strong></span> <span class='ocrx_word' id='word_1_216' title='bbox 400 3088 544 3172; x_wconf 87' lang='lat' dir='ltr'><strong>pondere</strong></span> <span class='ocrx_word' id='word_1_217' title='bbox 555 3109 617 3153; x_wconf 90' lang='lat' dir='ltr'><strong>suo</strong></span> <span class='ocrx_word' id='word_1_218' title='bbox 632 3090 717 3154; x_wconf 89' lang='lat' dir='ltr'><strong>satis</strong></span> <span class='ocrx_word' id='word_1_219' title='bbox 732 3098 952 3156; x_wconf 86' lang='lat' dir='ltr'><strong>commovent.</strong></span> <span class='ocrx_word' id='word_1_220' title='bbox 996 3091 1034 3155; x_wconf 89' lang='lat' dir='ltr'><strong>Si</strong></span> <span class='ocrx_word' id='word_1_221' title='bbox 1048 3093 1135 3155; x_wconf 91' lang='lat' dir='ltr'><strong>enim</strong></span> <span class='ocrx_word' id='word_1_222' title='bbox 1145 3093 1179 3155; x_wconf 88' lang='lat' dir='ltr'><strong>in</strong></span> <span class='ocrx_word' id='word_1_223' title='bbox 1189 3094 1326 3156; x_wconf 86' lang='lat' dir='ltr'><strong>nomine</strong></span> 
     </span>
     <span class='ocr_line' id='line_1_28' title="bbox 226 3187 1324 3277; baseline 0.002 -22"><span class='ocrx_word' id='word_1_224' title='bbox 226 3187 350 3256; x_wconf 78' lang='lat' dir='ltr'><strong>Graeco</strong></span> <span class='ocrx_word' id='word_1_225' title='bbox 374 3191 512 3270; x_wconf 82' lang='lat' dir='ltr'><strong>haereas,</strong></span> <span class='ocrx_word' id='word_1_226' title='bbox 540 3211 653 3256; x_wconf 86' lang='lat' dir='ltr'><strong>omnes</strong></span> <span class='ocrx_word' id='word_1_227' title='bbox 683 3198 760 3256; x_wconf 86' lang='lat' dir='ltr'><strong>sunt</strong></span> <span class='ocrx_word' id='word_1_228' title='bbox 785 3190 908 3271; x_wconf 85' lang='lat' dir='ltr'><strong>Graeci,</strong></span> <span class='ocrx_word' id='word_1_229' title='bbox 934 3196 994 3277; x_wconf 94' lang='lat' dir='ltr'><strong>qui</strong></span> <span class='ocrx_word' id='word_1_230' title='bbox 1017 3193 1173 3260; x_wconf 85' lang='lat' dir='ltr'><strong>Graecum</strong></span> <span class='ocrx_word' id='word_1_231' title='bbox 1203 3213 1324 3258; x_wconf 86' lang='lat' dir='ltr'><strong>nomen</strong></span> 
     </span>
     <span class='ocr_line' id='line_1_29' title="bbox 225 3293 1325 3378; baseline 0.005 -22"><span class='ocrx_word' id='word_1_232' title='bbox 225 3297 353 3375; x_wconf 75' lang='lat' dir='ltr'><strong>gerum,</strong></span> <span class='ocrx_word' id='word_1_233' title='bbox 367 3297 401 3357; x_wconf 90' lang='lat' dir='ltr'><strong>et</strong></span> <span class='ocrx_word' id='word_1_234' title='bbox 420 3313 441 3357; x_wconf 90' lang='lat' dir='ltr'><strong>a</strong></span> <span class='ocrx_word' id='word_1_235' title='bbox 465 3293 646 3377; x_wconf 88' lang='lat' dir='ltr'><strong>majoribus</strong></span> <span class='ocrx_word' id='word_1_236' title='bbox 668 3293 802 3361; x_wconf 85' lang='lat' dir='ltr'><strong>Graecis</strong></span> <span class='ocrx_word' id='word_1_237' title='bbox 817 3296 975 3378; x_wconf 85' lang='lat' dir='ltr'><strong>originem</strong></span> <span class='ocrx_word' id='word_1_238' title='bbox 999 3303 1179 3374; x_wconf 86' lang='lat' dir='ltr'><strong>traxerunt,</strong></span> <span class='ocrx_word' id='word_1_239' title='bbox 1193 3315 1325 3361; x_wconf 71' lang='lat' dir='ltr'><strong>omnoe-</strong></span> 
     </span>
     <span class='ocr_line' id='line_1_30' title="bbox 226 3394 1324 3482; baseline 0.004 -24"><span class='ocrx_word' id='word_1_240' title='bbox 226 3405 291 3477; x_wconf 81' lang='lat' dir='ltr'><strong>qno</strong></span> <span class='ocrx_word' id='word_1_241' title='bbox 313 3396 400 3459; x_wconf 86' lang='lat' dir='ltr'><strong>adeo</strong></span> <span class='ocrx_word' id='word_1_242' title='bbox 426 3394 591 3481; x_wconf 87' lang='lat' dir='ltr'><strong>Eutropii,</strong></span> <span class='ocrx_word' id='word_1_243' title='bbox 617 3398 675 3482; x_wconf 90' lang='lat' dir='ltr'><strong>qui</strong></span> <span class='ocrx_word' id='word_1_244' title='bbox 703 3404 825 3482; x_wconf 87' lang='lat' dir='ltr'><strong>praeter</strong></span> <span class='ocrx_word' id='word_1_245' title='bbox 843 3405 990 3463; x_wconf 83' lang='lat' dir='ltr'><strong>nostrum</strong></span> <span class='ocrx_word' id='word_1_246' title='bbox 1019 3405 1324 3466; x_wconf 86' lang='lat' dir='ltr'><strong>commemorantur.</strong></span> 
     </span>
     <span class='ocr_line' id='line_1_31' title="bbox 225 3493 1326 3582; baseline 0.006 -23"><span class='ocrx_word' id='word_1_247' title='bbox 225 3493 313 3559; x_wconf 79' lang='lat' dir='ltr'><strong>&#39;l&#39;nm</strong></span> <span class='ocrx_word' id='word_1_248' title='bbox 340 3496 416 3580; x_wconf 86' lang='lat' dir='ltr'><strong>lpse</strong></span> <span class='ocrx_word' id='word_1_249' title='bbox 449 3498 564 3577; x_wconf 82' lang='lat' dir='ltr'><strong>sensit,</strong></span> <span class='ocrx_word' id='word_1_250' title='bbox 594 3498 638 3564; x_wconf 88' lang='lat' dir='ltr'><strong>ad</strong></span> <span class='ocrx_word' id='word_1_251' title='bbox 665 3517 780 3564; x_wconf 88' lang='lat' dir='ltr'><strong>omnes</strong></span> <span class='ocrx_word' id='word_1_252' title='bbox 808 3503 1001 3582; x_wconf 83' lang='lat' dir='ltr'><strong>posterioris</strong></span> <span class='ocrx_word' id='word_1_253' title='bbox 1027 3504 1138 3566; x_wconf 85' lang='lat' dir='ltr'><strong>aetatis</strong></span> <span class='ocrx_word' id='word_1_254' title='bbox 1166 3507 1326 3566; x_wconf 82' lang='lat' dir='ltr'><strong>auctores</strong></span> 
     </span>
     <span class='ocr_line' id='line_1_32' title="bbox 223 3596 1323 3685; baseline 0.006 -25"><span class='ocrx_word' id='word_1_255' title='bbox 223 3596 336 3662; x_wconf 83' lang='lat' dir='ltr'><strong>referri</strong></span> <span class='ocrx_word' id='word_1_256' title='bbox 350 3618 464 3683; x_wconf 90' lang='lat' dir='ltr'><strong>posse,</strong></span> <span class='ocrx_word' id='word_1_257' title='bbox 483 3598 571 3683; x_wconf 91' lang='lat' dir='ltr'><strong>quod</strong></span> <span class='ocrx_word' id='word_1_258' title='bbox 591 3600 632 3665; x_wconf 91' lang='lat' dir='ltr'><strong>de</strong></span> <span class='ocrx_word' id='word_1_259' title='bbox 648 3602 795 3666; x_wconf 88' lang='lat' dir='ltr'><strong>oratione</strong></span> <span class='ocrx_word' id='word_1_260' title='bbox 813 3600 965 3685; x_wconf 88' lang='lat' dir='ltr'><strong>Eutropii</strong></span> <span class='ocrx_word' id='word_1_261' title='bbox 976 3622 1040 3667; x_wconf 94' lang='lat' dir='ltr'><strong>uon</strong></span> <span class='ocrx_word' id='word_1_262' title='bbox 1054 3603 1237 3667; x_wconf 85' lang='lat' dir='ltr'><strong>admodum</strong></span> <span class='ocrx_word' id='word_1_263' title='bbox 1252 3602 1323 3667; x_wconf 87' lang='lat' dir='ltr'><strong>Ro-</strong></span> 
     </span>
     <span class='ocr_line' id='line_1_33' title="bbox 222 3701 1322 3789; baseline 0.005 -26"><span class='ocrx_word' id='word_1_264' title='bbox 222 3717 323 3764; x_wconf 88' lang='lat' dir='ltr'><strong>mana</strong></span> <span class='ocrx_word' id='word_1_265' title='bbox 346 3701 482 3766; x_wconf 89' lang='lat' dir='ltr'><strong>monuit.</strong></span> <span class='ocrx_word' id='word_1_266' title='bbox 527 3701 647 3786; x_wconf 87' lang='lat' dir='ltr'><strong>Neque</strong></span> <span class='ocrx_word' id='word_1_267' title='bbox 672 3702 836 3768; x_wconf 86' lang='lat' dir='ltr'><strong>validiora</strong></span> <span class='ocrx_word' id='word_1_268' title='bbox 859 3711 943 3781; x_wconf 88' lang='lat' dir='ltr'><strong>sunt,</strong></span> <span class='ocrx_word' id='word_1_269' title='bbox 958 3712 1225 3789; x_wconf 87' lang='lat' dir='ltr'><strong>momentumque</strong></span> <span class='ocrx_word' id='word_1_270' title='bbox 1243 3703 1322 3768; x_wconf 84' lang='lat' dir='ltr'><strong>affe·</strong></span> 
     </span>
     <span class='ocr_line' id='line_1_34' title="bbox 222 3803 1321 3890; baseline 0.003 -25"><span class='ocrx_word' id='word_1_271' title='bbox 222 3807 306 3881; x_wconf 89' lang='lat' dir='ltr'><strong>runt,</strong></span> <span class='ocrx_word' id='word_1_272' title='bbox 332 3823 409 3887; x_wconf 87' lang='lat' dir='ltr'><strong>qnae</strong></span> <span class='ocrx_word' id='word_1_273' title='bbox 437 3804 480 3869; x_wconf 92' lang='lat' dir='ltr'><strong>iis</strong></span> <span class='ocrx_word' id='word_1_274' title='bbox 510 3803 644 3889; x_wconf 85' lang='lat' dir='ltr'><strong>adjecit.</strong></span> <span class='ocrx_word' id='word_1_275' title='bbox 689 3803 780 3883; x_wconf 86' lang='lat' dir='ltr'><strong>Quis</strong></span> <span class='ocrx_word' id='word_1_276' title='bbox 800 3806 888 3869; x_wconf 84' lang='lat' dir='ltr'><strong>enim</strong></span> <span class='ocrx_word' id='word_1_277' title='bbox 910 3812 1016 3890; x_wconf 87' lang='lat' dir='ltr'><strong>neget,</strong></span> <span class='ocrx_word' id='word_1_278' title='bbox 1041 3809 1074 3871; x_wconf 91' lang='lat' dir='ltr'><strong>iu</strong></span> <span class='ocrx_word' id='word_1_279' title='bbox 1098 3806 1200 3873; x_wconf 85' lang='lat' dir='ltr'><strong>Italia</strong></span> <span class='ocrx_word' id='word_1_280' title='bbox 1223 3810 1321 3870; x_wconf 88' lang='lat' dir='ltr'><strong>natos</strong></span> 
     </span>
    </p>
   </div>
   <div class='ocr_carea' id='block_1_3' title="bbox 716 3985 826 4037">
    <p class='ocr_par' dir='ltr' id='par_1_3' title="bbox 716 3985 826 4037">
     <span class='ocr_line' id='line_1_35' title="bbox 716 3985 826 4037; baseline 0 0"><span class='ocrx_word' id='word_1_281' title='bbox 716 3985 826 4037; x_wconf 77' lang='lat' dir='ltr'>NOTAE</span> 
     </span>
    </p>
   </div>
   <div class='ocr_carea' id='block_1_4' title="bbox 252 4094 1086 4225">
    <p class='ocr_par' dir='ltr' id='par_1_4' title="bbox 252 4094 1086 4225">
     <span class='ocr_line' id='line_1_36' title="bbox 261 4094 1086 4155; baseline 0.006 -8"><span class='ocrx_word' id='word_1_282' title='bbox 261 4094 270 4127; x_wconf 91' lang='lat'><strong>¹</strong></span> <span class='ocrx_word' id='word_1_283' title='bbox 284 4110 316 4146; x_wconf 90' lang='lat' dir='ltr'><strong>n.</strong></span> <span class='ocrx_word' id='word_1_284' title='bbox 329 4102 370 4150; x_wconf 83' lang='grc'><strong>17.</strong></span> <span class='ocrx_word' id='word_1_285' title='bbox 828 4110 840 4134; x_wconf 89' lang='grc'><em>·</em></span> <span class='ocrx_word' id='word_1_286' title='bbox 857 4101 916 4152; x_wconf 86' lang='lat' dir='ltr'><strong>Lib.</strong></span> <span class='ocrx_word' id='word_1_287' title='bbox 928 4115 1009 4155; x_wconf 82' lang='lat' dir='ltr'><strong>mr.</strong></span> <span class='ocrx_word' id='word_1_288' title='bbox 1019 4109 1086 4154; x_wconf 81' lang='lat' dir='ltr'><strong>ertr.</strong></span> 
     </span>
     <span class='ocr_line' id='line_1_37' title="bbox 252 4177 602 4225; baseline 0.009 -4"><span class='ocrx_word' id='word_1_289' title='bbox 252 4178 270 4204; x_wconf 76' lang='lat'>¹</span> <span class='ocrx_word' id='word_1_290' title='bbox 287 4185 331 4225; x_wconf 86' lang='lat' dir='ltr'><strong>nr.</strong></span> <span class='ocrx_word' id='word_1_291' title='bbox 346 4177 386 4224; x_wconf 79' lang='lat' dir='ltr'><strong>so.</strong></span> <span class='ocrx_word' id='word_1_292' title='bbox 599 4179 602 4184; x_wconf 88' lang='grc'><strong>’</strong></span> 
     </span>
    </p>
   </div>
   <div class='ocr_carea' id='block_1_5' title="bbox 0 0 1514 4859">
    <p class='ocr_par' dir='ltr' id='par_1_5' title="bbox 0 0 1514 4859">
     <span class='ocr_line' id='line_1_38' title="bbox 0 0 1514 4859; baseline 0 6"><span class='ocrx_word' id='word_1_293' title='bbox 0 0 1514 4859; x_wconf 95' lang='lat' dir='ltr'><strong> </strong></span> 
     </span>
    </p>
   </div>
  </div>
 </body>
</html>
