3017 4859
227 341 274 407 12
627 356 676 403 nn
700 341 888 404 sbrnorro

227 498 445 564 Claudianus.
497 497 582 562 lnde
606 516 687 564 vero
712 493 817 564 etiam
839 501 989 583 apparot,
1014 501 1172 580 quantum
1198 514 1221 561 s
1244 512 1328 562 vero

228 602 390 677 aberrent,
402 598 460 682 qni
477 597 676 682 Eutropium
697 608 843 664 nostrum
866 598 1047 680 Augustini
1065 597 1328 680 discipulumle·

227 708 353 776 cerunt,
369 701 431 764 etsi
451 699 513 766 suit
537 701 609 765 boec
634 701 714 765 olim
733 698 920 766 multorum¹
951 701 1076 784 opinio.
1120 697 1327 782 Augustiana

227 804 315 867 enim
328 803 441 866 floruit
456 803 547 867 circe
561 801 659 865 linem
674 803 791 867 saeculi
805 804 837 866 4.
853 810 888 867 et
900 802 1030 866 initium
1041 803 1074 865 6.
1095 820 1163 885 qno
1176 806 1330 883 tempore

231 904 414 988 Eutropius
435 905 489 968 vel
511 904 708 982 decesserat,
730 905 785 969 vel
807 910 895 969 certe
914 922 1021 968 senex
1044 903 1234 985 decrepitus
1260 899 1331 966 Au·

230 1006 396 1089 goslinum
411 1004 596 1088 discipulus
611 1005 727 1070 andir'e
739 1025 807 1069 non
821 1012 960 1090 poterat.
1005 1004 1115 1069 Immo
1131 1004 1330 1086 Eutropium

228 1107 322 1178 illurn
335 1107 564 1191 presbyterum
578 1104 696 1184 fuisse,
712 1106 894 1171 docuerunt
905 1105 1064 1183 (iuvius,m
1086 1112 1224 1189 uterque
1239 1103 1330 1168 Mol·

229 1208 317 1280 lorus
346 1207 464 1273 soene
498 1215 533 1273 et
554 1208 655 1273 Dan.⁰
679 1206 889 1273 Guilielmns.
948 1207 1105 1273 Mannrit
1143 1207 1330 1272 secnndutn

229 1310 391 1374 Vossinm
405 1309 448 1374 ad
463 1310 549 1374 alios
563 1308 618 1374 bic
637 1330 726 1375 error
748 1330 796 1375 ex
820 1310 1025 1386 Gennadio,¹'
1052 1312 1118 1374 etsi
1133 1309 1187 1373 bic
1203 1309 1245 1373 de
1260 1307 1332 1394 5¹¹⁴

230 1413 341 1496 tropio
356 1412 548 1494 presbytero
562 1416 701 1490 tantum,
718 1413 761 1476 de
783 1413 945 1477 historico
957 1411 1051 1489 nihil,
1065 1415 1103 1473 ut
1115 1410 1190 1474 libri
1204 1428 1331 1474 memo·

230 1513 296 1577 rati
322 1512 482 1589 indicant,
521 1512 631 1578 refert.
686 1513 734 1577 At
761 1515 890 1597 plnrest
916 1513 1048 1577 inerunt
1076 1511 1245 1594 Eutropii,
1272 1510 1332 1595 qui

232 1621 330 1678 caute
346 1614 489 1678 discerni
511 1614 644 1692 debent,
657 1615 722 1679 nisi
741 1616 818 1699 quis
843 1616 923 1678 velit
937 1622 1085 1696 tempora
1107 1614 1260 1691 miscere,
1275 1612 1332 1677 vel

233 1716 434 1800 conjecturis
449 1716 545 1780 venis
559 1715 737 1798 indulgere.
769 1716 887 1781 Liceat
897 1715 964 1780 boc
978 1734 1081 1778 unum
1093 1713 1225 1791 addere,
1240 1713 1332 1796 qnod

229 1815 314 1881 forte
327 1817 371 1880 ad
385 1817 815 1901 mgnmcsndamffiunopii
823 1819 926 1883 nostri
937 1821 1074 1884 estatem
1087 1816 1201 1880 referri
1210 1816 1329 1899 possit.

231 1919 393 1985 Paeanius
406 1920 441 1982 in
455 1920 671 2003 metaphrasi*
696 1922 788 1986 sacto
803 1921 1041 1997 additamento,
1067 1918 1193 1993 scribit,
1209 1916 1244 1981 N
1246 1916 1332 1982 assei

232 2026 380 2104 nepotes,
397 2020 613 2086 Hormisdam
634 2026 668 2086 et
690 2022 863 2107 Saporem,
888 2042 983 2087 snam
1006 2027 1141 2086 aetutem
1167 2019 1332 2101 attigisse

234 2122 320 2187 Cum
340 2125 418 2187 vivo
443 2121 607 2206 Eutropio
627 2124 816 2188 versionem
841 2143 936 2188 suam
959 2121 1121 2190 Paeonius
1137 2119 1335 2184 confecisse

233 2224 366 2287 minime
376 2222 539 2302 videatur,
553 2223 705 2302 efficitur,
716 2225 910 2308 Eutropium
924 2231 1002 2309 post
1016 2223 1138 2288 bfflum
1153 2221 1334 2287 Gothicum

233 2325 423 2409 primumn
436 2323 581 2390 Valente
599 2332 743 2408 gestum,
762 2326 854 2410 quod
875 2326 948 2389 sine
969 2325 1074 2392 ‹lubio
1099 2323 1256 2390 innuitis
1269 2322 1335 2387 linc

234 2428 359 2509 operis,
380 2436 415 2493 et
435 2434 510 2492 ante
533 2427 672 2511 Saporis
696 2435 833 2493 mortem
854 2429 980 2494 obiisse
1001 2428 1094 2492 circa
1114 2443 1236 2490 annum
1256 2423 1334 2489 370.

236 2526 323 2606 Quae
337 2529 473 2613 quidem
499 2531 692 2612 supputatio
723 2530 878 2594 adhibito
911 2532 945 2593 in
970 2528 1156 2593 subsidium
1178 2523 1338 2606 Agatbi⁸⁸

235 2630 286 2694 ita
313 2631 489 2712 probatur:
522 2630 650 2695 Narses
670 2632 822 2714 regnavit
847 2645 952 2696 annos
973 2632 1007 2695 7.
1031 2645 1161 2693 menses
1175 2630 1207 2692 6.
1250 2624 1337 2695 Cum

236 2750 258 2796 a
282 2729 419 2796 Galerio
447 2730 658 2798 Maximiano
684 2734 795 2799 victus
816 2731 915 2799 fuerit
938 2753 971 2798 a.
997 2730 1037 2796 C.
1051 2729 1137 2797 mi
1171 2746 1337 2813 ponamus

235 2834 355 2897 mortis
375 2853 507 2909 annum,
532 2835 590 2918 qni
612 2836 692 2919 poni
719 2836 896 2902 commode
919 2840 1042 2920 potest,
1068 2852 1112 2897 ex
1133 2837 1248 2896 nostra
1268 2848 1339 2898 seru

235 2934 312 2999 800.
366 2934 541 2999 Successit
566 2936 782 3016 Hormisdas,
804 2937 862 3020 qui
884 2938 986 3002 etiam
1007 2934 1182 3018 imperavit
1202 2931 1338 2997 totidem

236 3054 353 3111 annos,
370 3036 471 3116 igitur
482 3035 526 3100 ed
543 3056 665 3101 annum
682 3037 721 3102 C.
736 3039 813 3103 307.
857 3038 1002 3122 Sapores
1017 3037 1106 3102 vixit
1120 3034 1335 3117 regnavitque
1444 3059 1449 3064 ·

237 3136 350 3214 simul,
372 3136 500 3220 quippe
525 3139 583 3219 qui
605 3139 716 3204 infans
737 3160 853 3206 recens
873 3141 983 3205 editus
1004 3157 1063 3204 rex
1083 3141 1173 3201 esset
1192 3139 1339 3213 mestus,

238 3257 343 3302 annos
364 3239 418 3301 70.
441 3238 529 3302 unde
549 3239 686 3306 eflicitur
708 3260 811 3307 annus
834 3241 873 3307 C.
888 3244 966 3322 377,
1009 3240 1136 3306 Valens
1150 3236 1236 3301 obiit
1250 3254 1281 3298 a.
1296 3233 1338 3300 C.

233 3338 314 3405 378.
359 3339 419 3403 Sin
441 3344 621 3423 proconsul
642 3341 737 3411 Asiae
759 3352 873 3410 noster
897 3345 974 3422 fuit,
996 3343 1082 3408 obiit
1102 3340 1233 3405 domum
1258 3343 1339 3421 post

734 3493 841 3544 NOTAE

270 3603 276 3638 ¹
293 3605 353 3656 virt.
372 3621 437 3672 quos
454 3607 587 3657 nominant
602 3607 710 3658 Vossius
732 3608 766 3657 de
837 3615 851 3651 ⁹
868 3608 897 3659 C.
908 3608 926 3658 l.

237 3683 297 3732 hist.
312 3683 368 3732 Lm.
380 3696 411 3733 rr.
423 3687 447 3733 8.
464 3684 597 3733 Annertus
608 3685 716 3733 Mirans
733 3684 767 3733 erl
838 3693 851 3728 s
869 3686 910 3735 lis
933 3682 1023 3749 quibus
1034 3681 1087 3733 vid.
1099 3680 1232 3733 Febrieins
1251 3696 1275 3731 e.
1285 3681 1301 3731 Ι.
1313 3695 1341 3746 p.

239 3758 404 3809 Gennadium
417 3757 449 3807 dc
462 3760 522 3808 viris
536 3759 679 3809 illustribus
690 3776 713 3810 c.
726 3766 767 3810 40.
809 3765 864 3811 131.
875 3777 913 3825 sq.
947 3759 1023 3809 Addo
1035 3759 1123 3819 nlinm,
1142 3757 1252 3808 eundern
1275 3770 1342 3821 prn-

238 3841 267 3884 et
286 3835 382 3884 Gavius
408 3837 434 3883 in
453 3836 543 3885 tristor.
562 3837 631 3886 liter.
649 3837 770 3898 scriptor.
808 3835 905 3886 sectum
924 3836 1045 3900 pretorio
1065 3834 1113 3885 snb
1131 3832 1338 3898 imperatoribus

240 3910 335 3959 eccles.
347 3911 404 3961 Vol.
416 3924 434 3960 ι.
453 3925 480 3975 p.
491 3914 547 3961 41⁴.
574 3911 683 3978 (oxonii
696 3917 771 3964 luo.
786 3899 795 3908 ’
811 3914 900 3962 Leone
915 3920 943 3962 et
963 3911 1110 3971 Anthemio,
1128 3912 1166 3960 nti
1187 3909 1294 3962 nentur
1308 3922 1343 3961 ex

241 3984 303 4047 fol.)
811 3987 875 4037 Cori.
886 3985 1015 4036 'l'bsodon
1026 3999 1046 4036 r.
1056 3988 1081 4048 ⁸,
1091 3988 1133 4045 ³³,
1144 3988 1184 4035 84.

273 4070 290 4095 Ι·
306 4062 366 4113 (1.1.
842 4067 910 4112 ¹1¹.
920 4066 961 4112 nt.
1284 4097 1287 4100 -

273 4145 285 4171 ·
301 4138 334 4187 lu
345 4137 643 4203 nonsummum-p
649 4143 706 4192 100.
841 4145 851 4171 ·
869 4136 924 4186 lib
950 4150 988 4188 rr.
999 4150 1026 4200 p.
1034 4139 1075 4187 01.
1085 4150 1124 4201 sq.
1136 4134 1177 4188 ed.
1186 4136 1253 4187 Vsu.

273 4223 286 4249 ·
302 4215 334 4264 ln
346 4214 450 4264 obsera
460 4213 493 4264 dc
504 4215 641 4280 Eutropio.
839 4210 1149 4279 title-osanam,
