3017 4859
611 350 801 402 nurnoerr.
1183 339 1247 408 m

191 479 235 540 de
247 480 382 558 ffitoma
404 480 538 561 Eutropii
556 481 595 543 ad
611 482 762 546 Valentem
784 484 861 560 Aug.
886 482 1028 546 sileatur.
1043 484 1162 551 Additus
1176 498 1248 550 sunt

131 587 138 597 ’
160 631 164 646 ,
198 577 372 638 Graecorum
392 578 602 655 Imperatorum
617 578 736 640 vitaida
747 579 836 638 rebus
847 579 879 638 in
901 579 1023 640 Oriente
1036 591 1067 639 et
1078 581 1250 644 Constanti·

199 670 310 750 napoli,
326 671 431 744 Persia,
446 672 614 752 Arabiaque
628 675 726 752 gestis.
736 674 774 734 de
788 674 898 753 quibus
916 675 1059 737 hactenus
1074 676 1183 738 latinis
1192 698 1249 759 pa-

163 805 167 814 ·
193 785 263 827 rum
277 768 441 829 constabat.
483 769 612 839 Quidam
632 771 764 832 Annales
791 770 1130 848 Constantinopolim
1149 776 1250 853 appel·

199 862 271 924 lant.
313 864 400 941 Opus
413 863 565 944 iudignum
579 875 670 938 certe,
682 867 760 946 quod
778 868 809 927 in
823 866 951 928 tenebris
964 867 1078 928 tamdiu
1090 867 1249 931 delituerit.

166 1015 170 1022 .
200 958 294 1033 Paulli
308 960 434 1024 Diaconi
455 961 648 1038 Aquileiensis
662 961 700 1026 dc
718 962 813 1040 ¹gestis
835 962 1098 1043 longobardorum
1120 964 1188 1026 libri
1200 977 1250 1026 vr.

200 1053 289 1114 liasil.
303 1055 334 1115 in
358 1054 436 1116 offic.
452 1056 644 1123 Frobeniana,
665 1056 771 1117 edente
779 1057 899 1137 ,Sigisnn
921 1057 1184 1121 Galerio-Mera
1204 1072 1252 1121 est

199 1149 329 1212 Historia
341 1150 575 1222 miscella'Paulli
587 1152 723 1214 Diaconi.

163 1254 241 1317 1559
259 1247 387 1328 Parisiis,
403 1257 431 1309 8.
456 1247 589 1327 Eutropii
602 1245 641 1308 de
655 1249 745 1326 gestis
758 1250 957 1309 Romanorum
970 1247 1037 1310 libri
1050 1264 1086 1309 x.
1097 1247 1177 1329 apud
1193 1249 1251 1312 Co·

163 1401 168 1410 ,
200 1341 329 1406 lineum.
592 1397 596 1405 ,
1022 1399 1026 1408 .

164 1448 241 1500 1540
253 1438 382 1509 Parisiis,
396 1448 425 1500 8.
435 1440 606 1519 Eutropius,
619 1450 678 1500 etc.
692 1440 772 1520 apud
786 1439 857 1500 Sim.
880 1440 1053 1502 Colinoeum.
1130 1489 1132 1494 ι

164 1542 240 1598 1543
264 1533 391 1606 Parislia,
413 1533 464 1595 l'ol.
478 1535 612 1615 Eutropii
633 1535 771 1615 Epitome
794 1535 866 1595 belli
888 1536 1008 1607 Gallici,
1023 1535 1250 1612 adjurantur.

200 1631 323 1691 Curris
336 1631 570 1704 Commentariis,
583 1623 664 1710 apud
674 1631 770 1692 Micb.
786 1630 996 1691 vascosanum.

163 1733 241 1788 1544
251 1726 379 1799 Parisiis,
396 1735 424 1790 8.
440 1727 573 1807 Eutropii
585 1727 725 1807 Epitome
737 1727 807 1788 belli
815 1726 926 1788 Gallici
938 1749 947 1799 ;
970 1727 1109 1789 Glarean.
1131 1728 1160 1788 iu
1173 1743 1254 1791 com·¹

201 1831 291 1884 meat.
312 1823 453 1895 Carraria
475 1824 594 1884 nomina
606 1823 689 1884 Gall.
702 1823 768 1884 urb.
782 1822 896 1884 durior.
909 1822 1059 1884 montium.
1069 1824 1158 1904 Apud
1174 1821 1251 1887 liob.

164 1971 169 1980 .
201 1919 397 1997 Stephanum.

620 2047 731 2152 AEEAS
753 2048 795 2107 ll.

160 2159 282 2234 Iarrtior
293 2172 499 2247 1546-1590.
510 2173 684 2253 Eutropium
693 2174 804 2254 qnippe
811 2172 910 2254 adbuc
919 2173 1064 2235 miserear
1074 2175 1168 2234 Paulli
1176 2175 1254 2237 Lon·

202 2269 326 2347 gabardi
335 2268 544 2331 additamentis
561 2271 789 2331 contaminatum
804 2270 914 2348 primus
929 2268 1057 2330 reddidit
1070 2270 1251 2355 integriorem

201 2367 273 2426 Ant.
287 2365 504 2440 Schoubovius,
513 2367 615 2450 Belga,
625 2366 812 2445 integerrimo
824 2363 960 2443 Eutropii
973 2364 1086 2426 Codice
1100 2366 1255 2427 Gaudensi

201 2481 283 2533 usrrs,
298 2482 386 2541 quem
400 2460 578 2541 descriptum
592 2462 686 2523 edidit
700 2462 820 2523 Basileae
838 2462 924 2523 1546.
951 2462 1060 2522 Parum
1076 2460 1146 2521 t‘ecit
1157 2462 1256 2522 melio·

202 2575 264 2618 renr
283 2557 508 2629 EliasVinetuo,
531 2559 649 2630 Gallus,
665 2579 703 2619 err
715 2557 794 2621 Cod.
815 2558 875 2618 ΜΒ.
889 2545 1108 2637 Burdogalensi,
1131 2556 1255 2630 Pictarii

203 2655 291 2714 1555.
329 2651 459 2713 Tertiam
471 2661 539 2731 post
552 2655 606 2714 lros
620 2654 735 2736 laudem
746 2653 863 2712 meritus
877 2663 922 2712 est
936 2643 1028 2713 Henr.¹
1041 2652 1204 2714 Glareanus
1216 2650 1255 2710 ab

201 2747 317 2825 iugenio
331 2758 362 2808 et
385 2747 529 2820 doctrina,
554 2747 635 2808 edito
658 2748 804 2828 Eutropio
830 2735 896 2807 cum
918 2749 995 2807 notis
1018 2747 1151 2825 Friburgi
1168 2754 1254 2807 1554.

203 2862 271 2922 quse
285 2841 352 2901 iude
378 2843 435 2902 illis
449 2843 546 2904 Vineti
569 2842 708 2922 conjungi
726 2862 844 2922 corpere
869 2843 899 2901 in
911 2835 989 2901 edd.
1005 2841 1095 2902 Basil.
1120 2847 1207 2910 1559.
1224 2848 1256 2900 et

202 2935 294 2999 Puris.
311 2938 398 3000 1560.
1068 2952 1071 2958 ’

166 3033 249 3096 1546
258 3035 392 3106 Basilere,
407 3043 434 3095 8.
449 3034 587 3114 Eutropii
601 3033 779 3096 Breviorium
803 3032 933 3093 bistoriae
950 3032 1103 3101 Romane,
1116 3028 1167 3091 ed.
1180 3027 1255 3096 Ant.

168 3177 174 3183 .
203 3130 392 3191 Sobonbosio
417 3129 569 3191 canonico
591 3129 745 3207 neugma,
766 3147 815 3207 ap.
837 3127 1159 3207 oporinum-Editor
1183 3145 1255 3195 usus

168 3237 248 3290 „est
261 3228 322 3287 Me.
337 3224 412 3287 Cod.
428 3226 628 3298 (landavensi,
653 3226 792 3305 idemque
814 3225 928 3285 addidit
949 3225 1081 3286 libellum
1106 3231 1256 3288 vetustam

204 3323 338 3382 locorum
352 3322 441 3383 Urbis
455 3333 485 3381 et
508 3321 727 3401 provinciamm
743 3322 896 3400 scriptum·
909 3321 987 3383 circa
1001 3340 1048 3384 an,
1065 3311 1173 3381 Christi
1182 3323 1256 3388 390.

204 3418 253 3482 De
265 3419 321 3479 bac
334 3417 462 3478 editione
474 3418 516 3477 sic
530 3420 644 3497 Georg.
658 3417 840 3479 Cassander:

245 3515 397 3577 Hactenus
411 3513 546 3591 Eutropii
561 3509 679 3573 titulum
694 3531 880 3591 nomenque:
902 3509 953 3571 sed
969 3512 1067 3588 ipsum

170 3663 176 3671 .
283 3612 371 3671 Nunc
382 3612 510 3681 denium,
525 3610 627 3682 lector,
642 3609 793 3688 conspicis
808 3607 992 3685 Eutropium.

166 3715 245 3770 1552
259 3707 392 3779 Basilere,
408 3715 436 3767 8.
452 3706 612 3785 Eutropius
622 3728 658 3766 er
670 3708 719 3766 ed.
733 3710 804 3766 Ant.
819 3703 997 3766 Sebonbovii
1009 3697 1094 3761 1546.
1106 3694 1256 3774 repetitur.
1373 3771 1380 3784 ὓ

161 3802 352 3883 -Lussduoi,
368 3814 412 3866 12.
427 3803 565 3862 Historias
589 3806 728 3863 llonrause
741 3813 878 3862 auctores
894 3800 984 3860 sarii:
1007 3795 1132 3856 Velleius
1156 3792 1258 3854 Pater-

203 3902 295 3973 cums,
310 3901 422 3971 Florus,
436 3901 519 3960 Sext.
533 3898 640 3971 Rufus,
658 3901 749 3960 Meas.
765 3897 918 3966 Corvinus,
932 3905 964 3955 et
981 3889 1152 3967 Eutropius.
1165 3885 1256 3966 Apud

170 4037 177 4048 ·
204 3997 275 4060 Sei).
296 4002 474 4075 iirpplrrurrr.
597 3995 600 4002 ’

166 4100 243 4158 1555
264 4093 398 4164 Pietarii,
415 4101 442 4152 8.
459 4092 592 4171 Eutropii
607 4091 785 4150 Breriariunr
807 4085 935 4146 historia
951 4085 1105 4152 Romana,
1127 4078 1177 4141 ed.
1190 4076 1256 4138 Elia

172 4231 176 4236 -
203 4188 392 4253 vineta-1·
402 4175 931 4267 niunpiunexorsmssurdegdeusi
939 4176 1108 4243 emendarit
1118 4174 1255 4254 miscuo
