3017 4859
21 4201 45 4334 p.

627 373 710 422 cnr.
734 372 818 424 vm.
1218 358 1263 426 33

160 513 346 583 Anastasio
366 511 499 594 latino,
515 523 552 581 et
567 516 603 581 in
616 516 769 602 plurimis
781 517 867 582 loeis
881 517 1079 599 emendavit,
1092 517 1263 605 adjunctis

154 607 263 684 'etiarn
278 619 367 684 notis
379 621 559 685 maximam
575 625 701 704 partem
722 621 862 699 criticis,
877 626 915 685 ut
929 623 1002 704 ipse
1017 624 1051 686 in
1069 622 1263 706 praetutione

160 722 347 806 praedicare
362 741 430 787 non
445 722 654 800 dubitaverit,
665 741 702 785 se
714 742 788 786 earn
802 724 907 805 magis
918 725 1147 804 instaurasse‚⁶
1162 746 1263 809 quam

161 825 378 890 recensuisse.
413 822 516 906 „Usus
544 833 597 889 est
622 822 687 889 itae
716 819 862 889 editione
885 819 1012 908 passim
1038 824 1202 892 Cellarius
1228 831 1262 894 in

155 928 346 1012 judicanda
373 926 526 1011 Eutropii
551 929 704 993 lectione.
749 926 975 991 Basileensem
1005 928 1184 997 editionem
1208 951 1261 999 an.

162 1031 260 1095 1695.
284 1050 385 1113 quam
407 1030 541 1115 quidem
567 1027 655 1093 salso
681 1046 756 1093 eum
781 1028 944 1111 superiori
958 1030 1168 1096 commistam
1189 1052 1263 1097 esse

161 1139 254 1218 puto,
279 1139 515 1197 commemorat
540 1130 698 1208 Ceillier:
724 1126 892 1213 idemque'
911 1129 1123 1195 Cauisianam
1141 1134 1262 1217 repeti·

161 1241 229 1300 tam
255 1235 417 1319 prodiisse
445 1236 565 1300 scribit
595 1231 800 1316 Antwerpiue
821 1231 916 1297 1725.
962 1232 1102 1317 Optima
1125 1235 1264 1301 debetur

163 1338 279 1401 studio
306 1337 486 1404 Muratorii
513 1337 584 1423 (an.
600 1331 717 1419 1723.)
740 1337 774 1399 in
800 1334 898 1418 cujus
922 1336 1141 1419 scriptoribus
1155 1357 1262 1403 rerum

164 1437 357 1505 italicarum
382 1441 524 1524 primum
544 1438 605 1510 illa
628 1438 741 1504 locum
768 1442 922 1518 occupat.
982 1438 1052 1503 Hic
1082 1440 1169 1503 enim
1196 1460 1262 1505 nou

164 1541 272 1606 solum
292 1542 500 1605 membranas
520 1539 609 1605 Mss.
633 1537 824 1604 monasterii
846 1537 1091 1604 Herst'eldensis
1112 1543 1263 1621 contulit,

163 1642 289 1726 quibus
307 1640 382 1725 jam
407 1640 562 1707 Canisins
591 1659 673 1705 usus
700 1645 782 1717 erat,
812 1640 952 1725 ejusque
977 1649 1140 1725 praeterea
1163 1651 1263 1710 notas

163 1744 318 1829 subjecit,
342 1743 401 1808 sed
421 1750 455 1807 et
472 1762 561 1808 nora
574 1741 724 1808 subsidia
739 1741 902 1820 adhibuit,
917 1741 1060 1809 Codices
1072 1747 1106 1809 5.
1123 1742 1264 1811 Ambro-

163 1844 267 1932 sianae
290 1845 516 1924 bibliothece,
539 1844 649 1908 varias
670 1844 829 1907 lectiones
850 1842 976 1906 iacobi
1000 1844 1173 1926 Bongarsii
1195 1848 1263 1911 Bo·

158 1933 270 2031 'dryaei
294 1966 339 2010 ex
355 1945 423 2010 Ms.
439 1946 549 2011 Paulli
573 1945 730 2022 Diaconi,
752 1946 897 2032 itemque
927 1965 971 2010 ex
987 1945 1056 2009 Ms.
1076 1947 1201 2013 Pithoei
1228 1956 1265 2015 et

162 2047 311 2112 aliorum.
367 2045 494 2132 Selegit
515 2055 627 2113 tamen
648 2048 802 2130 inprimis
831 2067 874 2112 ex
898 2044 1004 2111 Codd.
1030 2049 1264 2114 Ambrosianis

161 2167 263 2215 unmn
291 2151 499 2234 eundemque
528 2150 808 2234 antiquissimum,
839 2149 964 2232 qnippe
987 2149 1082 2234 cujus
1103 2151 1264 2232 integrum

161 2251 339 2318 lectionem
353 2252 515 2318 exhibuit.
559 2250 675 2316 Refert
698 2256 807 2314 autem
821 2250 879 2314 ille
894 2249 1092 2334 Eutropium
1110 2272 1177 2316 non
1192 2255 1264 2336 qui·

162 2352 236 2418 dem
250 2375 367 2439 purum
381 2363 417 2418 et
430 2355 670 2430 intaminatum,
684 2353 743 2417 sed
756 2353 890 2436 qualem
903 2349 1142 2418 deformaverat
1156 2358 1264 2420 curio·

163 2475 203 2520 sa
227 2456 286 2521 illa
309 2456 423 2522 Paulli
438 2457 610 2522 sedulitas.
654 2454 702 2520 At
722 2455 833 2520 omisit
856 2455 1058 2520 Muratorius
1072 2475 1140 2520 non
1156 2457 1265 2521 solum

162 2563 263 2622 notus
285 2557 430 2636 Gruteri,
454 2558 512 2622 sed
534 2565 567 2621 et
582 2558 827 2622 enarrationem
848 2575 962 2619 earum
973 2556 1164 2636 lectionum,
1180 2577 1266 2640 qtras

162 2656 221 2724 ille
235 2658 400 2725 Codicum
418 2659 645 2725 Palatinarum
667 2678 731 2742 ope
744 2663 927 2741 receperat,
948 2658 996 2722 ita
1009 2663 1044 2722 ut
1066 2658 1138 2742 ejus
1152 2678 1265 2723 recen·

163 2763 229 2840 sio,
243 2762 335 2844 quod
351 2781 414 2826 usu
428 2762 588 2839 intellexi,
601 2761 715 2825 multis
735 2762 858 2825 locisu
880 2765 974 2824 textu
997 2753 1177 2825 Muratorii
1199 2762 1266 2825 dis·

164 2871 289 2949 crepet.
333 2862 388 2928 Ex
399 2865 523 2948 quibus
538 2866 693 2928 omnibus
708 2865 892 2940 conficitur,
907 2883 947 2927 ne
966 2862 1117 2928 historiae
1132 2861 1266 2946 quidem

161 2957 323 3048 miscellae
342 2986 442 3030 unam
465 2966 630 3058 mansisse
644 2971 677 3031 et
690 2972 902 3030 constantem
917 2965 1049 3042 faciem,
1064 2965 1124 3029 sed
1140 2966 1265 3031 multos

163 3074 296 3152 postero
311 3066 412 3132 etiam
426 3070 574 3150 tempore
591 3075 751 3131 centones
766 3067 871 3132 fuisse
885 3067 1038 3150 injectos.

445 3222 666 3291 CAROLUS
689 3224 941 3291 HENRICUS
964 3224 1265 3293 TZSGHUCKE.

660 3475 771 3526 NOTAE

196 3584 212 3621 ὓ
225 3584 258 3634 In
271 3583 335 3645 illis,
348 3596 406 3648 quar
425 3595 458 3632 ex
467 3579 588 3631 Palatino
599 3579 699 3631 comcs
738 3581 842 3631 omniuo
853 3580 984 3629 historiam
1002 3578 1101 3629 mendis
1120 3578 1267 3644 inquinatis·

164 3668 264 3732 prtum
275 3662 358 3713 edidit
369 3659 557 3727 Gruterus,(ut
567 3660 613 3710 lib.
630 3658 699 3726 m.)
738 3657 828 3706 simam
840 3670 896 3705 esse
909 3661 1005 3719 prater
1020 3655 1154 3719 aliosrjsm
1166 3655 1268 3706 notarit

164 3744 247 3793 nult·
258 3748 318 3792 runt
330 3742 457 3801 suspecta
468 3734 540 3798 fidei,
549 3752 608 3802 qne
619 3736 699 3800 scrip·
737 3733 893 3784 Botrtenins
902 3731 934 3782 ad
944 3730 1105 3796 Stephanum
1117 3746 1142 3794 p.
1154 3734 1195 3781 70.

164 3819 228 3869 tort·
249 3814 407 3880 imperitiam
437 3818 560 3875 arguunt,
590 3817 698 3861 notante
771 3809 829 3859 ‘In
841 3808 946 3858 histoire
962 3805 1083 3870 sstntrele
1099 3806 1146 3855 des
1162 3812 1268 3855 auteurs

165 3892 308 3944 Puebaaio
319 3890 461 3944 Quesnello
471 3890 505 3940 ed
524 3890 638 3939 honam
657 3887 697 3937 Μ.
736 3899 823 3937 recres
836 3893 865 3936 et
875 3884 1087 3949 eeclesiastiques
1097 3884 1173 3933 'loun
1185 3895 1268 3933 xviii.

165 3971 257 4022 dim.
276 3985 305 4035 p.
316 3973 373 4019 ⁸1⁰.
390 3976 418 4019 et
435 3983 468 4018 ex
488 3982 520 4017 eo
541 3963 647 4016 Ernesti
663 3963 697 4013 ad
737 3977 765 4030 p.
777 3966 834 4011 242.

164 4045 316 4120 Pnbrieiunr
333 4060 358 4096 c.
378 4046 395 4097 l.
418 4060 445 4112 p.
458 4048 514 4096 lat.
547 4040 599 4092 Sed
616 4047 697 4090 totam
772 4033 824 4089 Ὀ.
838 4036 856 4087 l.
975 4085 980 4092 ,

231 4313 505 4383 marmeno.
664 4310 767 4375 aare
870 4341 882 4362 .

1402 405 1424 440 Δ
