3017 4859
487 901 942 998 SERENISSIMO

323 1205 1088 1328 DELPHINO

617 1506 655 1573 S.
678 1506 720 1573 P.
743 1508 790 1574 D.

253 1765 406 1847 ANNA
437 1767 768 1859 TANAQUILLI
801 1770 966 1849 FABRI
1000 1772 1156 1850 FILIA.

152 2319 275 2408 Aron
296 2342 475 2429 Antiquos,
490 2342 658 2428 numquis
673 2345 745 2422 arti,
765 2301 867 2429 uuum
883 2345 1107 2430 profitebatur,
1124 2345 1251 2410 valedi-

152 2461 227 2510 cere
241 2445 353 2523 vellet,
367 2444 497 2509 solebat
522 2445 576 2509 ille
601 2445 714 2509 omnia
739 2449 820 2511 artis
846 2466 919 2512 suae
934 2448 1149 2511 instrumenta
1164 2448 1250 2526 Deo,

152 2548 209 2631 qni
234 2547 345 2613 eidem
370 2546 582 2631 praesidebat,
606 2546 771 2624 dedicare,
786 2566 890 2632 eaque
914 2548 988 2631 ejus
1003 2548 1128 2630 templo
1143 2568 1250 2633 appo·

150 2661 233 2712 nere.
280 2647 390 2713 Simili
404 2649 527 2712 ratione
541 2665 627 2710 nuno
640 2646 767 2711 Tecum
782 2667 876 2730 agere
891 2647 1033 2725 decrevi,
1048 2649 1250 2715 Duuuurun

151 2747 427 2816 Ssuuurssrsru:
449 2749 504 2814 hie
519 2749 597 2813 Tibi
623 2747 726 2812 Musa
747 2759 860 2815 nostra
874 2749 997 2815 Latina
1023 2750 1158 2829 desinet,
1173 2771 1250 2834 quoe

151 2850 243 2915 aTe
269 2849 470 2935 principium
496 2852 626 2929 sumsit,
651 2869 795 2935 quaeque
816 2860 948 2935 propter
970 2853 1021 2916 Te
1045 2854 1154 2917 solum
1175 2873 1251 2917 sese

149 2950 338 3017 hominibus
353 2953 523 3040 ostendere
547 2973 614 3018 non
639 2952 745 3018 uerita
769 2961 831 3019 est.
877 2952 967 3018 Olim
993 2954 1126 3036 quidem
1152 2955 1250 3038 quasi

148 3053 308 3120 lusoriam
333 3074 468 3138 operam
492 3056 597 3121 literis
623 3056 757 3134 navari,
772 3057 864 3121 nulla
889 3056 1071 3140 cupiditate
1086 3057 1250 3139 scriptum

150 3156 286 3238 aliquod
302 3157 412 3235 edere,
432 3158 528 3222 etsie
553 3158 588 3222 in
609 3176 668 3223 ora
682 3158 850 3222 hominum
864 3159 1055 3240 peruenire3
1080 3157 1140 3220 sed
1155 3163 1250 3240 post·
1362 3153 1366 3158 ’
1402 3199 1406 3206 -

148 3277 250 3342 quarn
264 3260 307 3322 ab
324 3258 548 3325 invictissimo
566 3267 623 3325 tuo
636 3260 792 3337 Parente,
806 3260 1045 3324 institutionem
1061 3267 1153 3322 tuam
1167 3278 1249 3341 quo·

148 3380 214 3445 quo
225 3360 327 3425 medo
346 3362 474 3446 juvare,
497 3368 532 3426 et
546 3360 692 3427 studiola
705 3381 782 3426 mea
794 3363 830 3426 in
843 3382 939 3426 usum
953 3368 1049 3425 tuum
1063 3367 1250 3426 convertere

143 3461 244 3544 jussa
270 3482 356 3540 surn,
382 3462 531 3526 mihimet
558 3462 676 3527 deesse
700 3482 768 3527 non
792 3464 895 3547 potui,
916 3463 996 3546 quin
1019 3479 1139 3525 munus
1166 3462 1249 3526 illud

146 3562 226 3627 mihi
251 3562 621 3628 honorificentissimum
644 3566 808 3628 sustinere
832 3583 977 3628 conarer.
1022 3562 1121 3646 Coepi
1136 3561 1249 3645 itaque

146 3682 213 3727 reru
232 3666 353 3729 seriam
379 3666 525 3747 aggredi,
548 3672 582 3730 et
606 3669 714 3749 primo
741 3665 876 3748 quidem
891 3665 1098 3729 Historicum
1114 3662 1249 3728 Florum

147 3766 210 3831 sub
226 3766 391 3850 auspiciis
416 3768 480 3831 tuis
504 3768 611 3842 emisi,
635 3766 754 3832 deiude
771 3768 896 3852 Dictyu
912 3766 1115 3844 Cretensem,
1130 3773 1251 3850 postea

147 3867 288 3934 Sextum
313 3868 489 3933 Aurelium
502 3866 688 3946 Victorem,
714 3875 748 3933 et
772 3888 860 3933 nunc
887 3870 1018 3933 tandem
1041 3868 1248 3951 Eutropium.

147 3968 280 4045 Fateor,
297 3968 501 4034 Dsurrrruu
517 3969 789 4048 Suaeurssrun,
809 3989 851 4033 ea
866 3990 991 4052 sperne
1007 3967 1066 4033 diu
1082 3969 1247 4034 oblectere

145 4088 208 4135 non
223 4072 330 4154 potui,
347 4071 415 4135 lore
438 4078 477 4135 ut
501 4071 595 4135 haece
611 4068 912 4135 commentationes
926 4070 1005 4134 Tibi
1020 4070 1157 4134 multum
1171 4089 1248 4155 pro-

147 4171 243 4237 desse
257 4181 404 4257 possent.
450 4171 538 4238 Mihi
551 4192 628 4238 enm
652 4171 785 4238 laudem
807 4173 982 4257 praeripuit
1004 4171 1167 4239 industria
1189 4178 1249 4239 tua

210 4288 299 4355 nepa
308 4294 334 4339 tt
349 4289 407 4341 Ver.
420 4289 484 4341 cus.
652 4290 756 4355 Eutrep.
1157 4285 1183 4337 A
