3017 4859
16 4357 18 4414 r

594 403 877 455 nnnuvsoero.
1242 384 1287 452 dt

180 570 202 622 ι
217 548 351 618 Grecis
366 546 437 614 lieri
451 547 570 626 solem,
588 547 643 613 vel
658 553 849 630 argumento
863 544 1032 623 illuderit,
1047 544 1137 629 quod
1150 544 1286 632 Cupito,

175 653 354 734 plemneus
401 650 538 735 Lycius,
559 652 721 736 epitomes
743 648 898 732 Eutropii
920 645 1098 734 μπᾶφρασιν
1118 651 1288 734 scripserit

176 754 318 820 Groece:
348 761 386 819 ut
413 752 537 819 Suidas
559 753 658 819 docet
678 755 714 818 in
737 750 883 819 uester.
928 752 1037 817 Immo
1057 759 1092 818 et
1113 753 1286 836 Simlcrr}

178 858 214 922 in
228 855 431 941 Appendice
453 856 667 922 bibliemecae
679 854 836 935 Gesneri,
861 859 1012 933 testabu,
1035 856 1070 919 in
1084 856 1286 921 bibliotheca

178 960 220 1025 P.
252 959 382 1024 Piihoei
412 967 528 1026 extare
561 958 698 1024 unedo
729 959 910 1047 pareippaou
943 958 1109 1026 Romanae
1133 959 1285 1043 Eutropii

175 1063 352 1130 historice.⁵
398 1061 451 1128 Ac
465 1063 563 1128 video
577 1062 734 1146 qnoedam
746 1082 792 1127 ex
806 1061 948 1127 Paeanio
961 1062 1025 1127 boc
1039 1061 1136 1126 citari
1160 1081 1182 1126 o
1203 1063 1285 1128 Sca·

177 1163 292 1245 ligero.
337 1163 547 1248 Compeudr'o
574 1163 726 1249 Eutropii
750 1162 880 1227 Paulus
896 1163 1079 1242 Diaconos,
1093 1163 1183 1228 molo
1205 1182 1284 1228 sane

178 1267 425 1350 exemplemur
446 1266 575 1331 intersit
584 1286 597 1349 5
616 1274 657 1332 ut
668 1265 776 1349 liquet
796 1284 842 1329 ex
855 1263 1011 1329 undecim
1027 1261 1145 1348 primis
1162 1265 1283 1330 Histo-

176 1371 237 1436 rioe
253 1369 420 1435 bliscellae
443 1368 557 1434 libris:
585 1368 630 1434 de
649 1368 776 1454 quibus
790 1367 951 1444 dicemus,
974 1386 1050 1432 cum
1073 1367 1118 1431 ad
1140 1366 1286 1432 Paulum

180 1471 372 1537 Diaconum
384 1470 560 1536 deventum
576 1471 649 1536 erit.
693 1469 849 1535 Meminit
862 1478 897 1535 et
910 1468 1064 1553 Eutropii
1078 1469 1175 1534 Beda
1191 1469 1285 1538 Hist.

178 1571 281 1655 Angl.
306 1572 382 1638 Lib.
407 1590 431 1637 r.
454 1594 486 1639 c.
510 1575 565 1639 ll.
590 1580 634 1651 et,
661 1573 720 1656 qui
742 1572 873 1638 soeculo
897 1577 967 1639 toto
982 1572 1080 1637 Beda
1094 1571 1209 1655 junior
1223 1578 1286 1653 est,

179 1675 385 1742 Hincmarus
409 1675 618 1755 Rbemcnsis,
642 1675 808 1760 opusculo
832 1675 876 1740 ad
908 1675 1128 1739 Hincmerum
1154 1674 1288 1740 leudu-

179 1798 317 1844 nensem
336 1799 413 1863 cap.
436 1779 490 1844 16.
524 1780 583 1844 ubi
620 1779 663 1844 de
694 1778 834 1844 castelle
857 1776 1017 1843 Lauduno
1047 1778 1189 1862 loquens
1222 1779 1287 1844 sits

179 1880 320 1960 ‘Quod
352 1883 443 1947 sicut
476 1881 668 1966 Eutropius,
692 1883 850 1966 andquus
872 1880 1167 1964 historiographus,
1190 1880 1286 1959 dicit,

180 1993 320 2048 auctore
341 1984 534 2050 Marcobrio
567 1990 709 2069 praetore
739 1973 921 2062 eonditum,
942 1984 986 2048 ab
1007 1975 1147 2048 exordio
1178 1984 1231 2048 sui
1252 1986 1288 2050 in
1412 2071 1415 2076 Ι

180 2087 380 2169 paganismo
402 2088 487 2152 inter
508 2087 677 2166 civitates,
701 2088 755 2152 vel
791 2087 1014 2172 provinciales
1036 2086 1147 2165 sedes,
1168 2106 1288 2154 nomen

179 2195 214 2252 et
249 2188 363 2252 locum
396 2207 464 2253 non
493 2188 629 2254 habuit!
673 2188 774 2254 Fecit
793 2196 827 2255 et
859 2190 1056 2255 mentionem
1080 2189 1289 2255 flodoardus

181 2289 307 2357 Pontis.
324 2289 422 2355 Rem.
438 2291 514 2356 Lib.
530 2308 554 2354 ι.
570 2308 645 2376 cap.
661 2292 693 2356 1.
706 2299 741 2356 et
755 2291 826 2357 Leo
842 2289 1008 2356 Ostiensis
1029 2290 1106 2376 (qui
1120 2291 1234 2357 Alexii
1254 2298 1290 2358 et

182 2393 325 2458 Henrici
348 2393 462 2478 lmpp.
479 2394 683 2477 temporibus
698 2393 777 2473 suit)
792 2393 947 2460 chronici
963 2392 1154 2458 casinensis
1169 2395 1247 2460 Lib.
1264 2412 1288 2460 1.

183 2515 260 2580 cap.
277 2497 330 2561 17.
375 2496 429 2561 De
443 2495 608 2580 Eutropio
629 2497 694 2562 boc
717 2498 824 2563 satis:
846 2517 869 2561 a
890 2516 958 2580 quo
973 2498 1129 2561 diversus
1150 2504 1205 2561 est
1219 2496 1288 2563 Eu·

181 2599 307 2681 tropius
321 2596 583 2680 grammuticus,⁶
604 2618 705 2682 quem
720 2600 763 2663 de
782 2599 887 2663 literis
908 2606 1024 2665 testem
1038 2599 1290 2670 laudatPrisci·

185 2720 270 2765 anus
293 2700 370 2765 Lib.
386 2718 411 2763 ι.
432 2701 511 2765 item
528 2699 709 2785 Eutropius
730 2702 896 2781 medicus,
917 2708 1115 2770 memoratus
1127 2701 1290 2769 Marcello

183 2799 356 2884 Empirico
369 2800 626 2886 prefacoperis
636 2803 676 2867 de
692 2803 954 2878 medicamentis.

411 2985 586 3054 Baltlrasnr
601 2986 687 3055 Boni
703 2989 808 3054 aciem
830 2988 868 3056 de
887 2986 1053 3074 Eutropio.

228 3103 368 3170 Flavius
391 3104 571 3191 Eutropius
592 3107 709 3172 decem
741 3108 948 3174 brevissimis
980 3107 1075 3172 libris
1097 3106 1289 3175 Romanam

184 3206 357 3272 historiam
379 3208 527 3273 strictim
541 3210 753 3295 complexus,
777 3211 877 3276 Pauli
899 3211 1046 3276 Diaconi
1067 3211 1191 3295 injuria
1211 3225 1289 3292 pro·

185 3308 318 3388 ductus,
331 3329 373 3374 ao
387 3329 432 3375 ex
454 3312 605 3377 conferto
620 3311 758 3378 dilutior
770 3312 910 3379 effectus
922 3332 1056 3378 omnem
1070 3330 1169 3398 psene
1183 3309 1289 3394 digni·

184 3418 288 3476 tatem
310 3414 442 3496 amisit3
464 3415 570 3482 donec
591 3416 681 3482 fideli
695 3417 943 3502 operoAntonii
958 3415 1141 3482 Schonovii
1152 3415 1188 3479 in
1204 3414 1289 3480 inte·

685 3643 793 3696 NOTAE

217 3749 232 3804 b
251 3754 470 3807 Codexisteidem
481 3756 649 3807 videturesse
658 3770 717 3807 cum
756 3757 865 3808 Testim.
877 3755 1016 3808 Prisciani.

187 3846 229 3893 eo,
239 3832 314 3896 cuju·
325 3833 496 3885 meminerunt
507 3834 627 3898 Crtalogi
637 3833 718 3884 Bibli-
789 3838 805 3886 t
821 3832 952 3885 Bonitecil
962 3834 1039 3897 hnjm
1050 3832 1084 3882 de
1095 3833 1219 3883 Βοωιιιι
1227 3831 1288 3882 His·

188 3910 289 3959 otbeeae
309 3909 475 3960 Bavrrienelr
491 3911 614 3977 quianuo
626 3923 717 3962 reneri.
758 3912 832 3962 torlae
844 3910 1015 3980 scriptoribus
1023 3909 1289 3972 Excerptn,Venetiie

186 3984 350 4049 prodierunt,
370 3984 509 4035 duodecim
526 3999 620 4051 nempe
644 3984 718 4036 annis
758 4003 837 4054 parce
855 4002 960 4048 excors,
980 3993 1008 4035 et
1026 3986 1051 4033 in
1074 3985 1215 4035 Germania
1233 3983 1290 4036 sere

186 4069 246 4124 port
273 4061 413 4111 editionem
443 4061 567 4112 Historiae
595 4063 718 4112 Romane
758 4063 1047 4128 invenationem
1063 4062 1291 4128 bibliothecepro·

186 4137 719 4205 ScriptornmssrmcornmSytburgtanrm.
760 4141 841 4192 traxit
852 4148 879 4191 et
899 4138 1055 4189 Helmstadii
1074 4138 1186 4203 imprimi
1204 4139 1290 4192 denuo

218 4216 235 4263 ⁶
251 4212 329 4263 Unde
336 4213 385 4263 troc
393 4211 487 4263 didicit
495 4214 614 4266 Vereins?
625 4216 720 4267 Nonne
760 4216 861 4269 cunvlt
872 4216 913 4267 Cl.
925 4215 1096 4267 Busmrnnns.
1113 4225 1116 4230 ’

189 4289 264 4355 plora
274 4289 380 4355 scripsit
390 4289 551 4357 &nupturi
566 4292 600 4343 ll.
610 4305 681 4358 repr.
692 4293 720 4343 iu
