3017 4859
224 381 271 459 ³8
606 355 610 364 Ι
636 395 886 458 -nnsrruonrl

226 573 333 638 grum,
354 561 389 619 et
421 553 567 638 quodam
589 555 686 636 quasi
722 555 927 638 postliminio
943 574 1125 634 reversus,
1147 556 1326 640 pristinum

226 657 337 722 locum
373 664 591 740 recuperaret.
647 658 821 722 Diaconos
859 658 924 733 ille,
960 660 1084 722 monitu
1122 656 1325 742 Adilbergae,

228 760 396 828 Desiderii
419 759 710 841 Langobardorum
726 760 831 839 Regis
846 759 936 836 filiae,
958 779 1021 824 uon
1045 760 1152 823 solum
1177 762 1326 826 auctoris

225 861 324 945 hujus
345 850 522 927 historiam*
538 863 730 946 interpolem
753 862 887 939 fecerat,
911 862 970 925 sed
985 863 1094 945 ipsam
1109 855 1205 946 paene
1221 871 1326 930 totam

226 966 414 1041 inverterat,
436 963 514 1028 dum
536 967 639 1029 multa
660 965 701 1029 de
723 985 786 1028 suo
809 965 983 1042 infarciret,
1003 965 1176 1049 multaque
1197 967 1325 1048 passim

229 1064 398 1144 adimeret,
414 1074 475 1131 aut
489 1068 689 1132 transferret.
736 1067 900 1131 Militavit
915 1067 1097 1151 Eutropius
1112 1057 1175 1131 sub
1188 1068 1212 1133 J
1214 1070 1327 1133 uliano

130 1163 135 1174 ⁸
226 1170 388 1251 parabata
409 1190 450 1233 ac
476 1170 651 1248 desertore,
670 1171 856 1254 librumque
876 1190 972 1233 suum
995 1169 1163 1234 dedicavit
1179 1170 1325 1235 Valenti.

227 1269 302 1334 Nec
317 1273 399 1334 satis
411 1272 526 1355 liquet,
542 1273 638 1356 cujus
659 1273 715 1336 ille
735 1271 835 1336 luerit
849 1271 1036 1352 religionis3
1058 1273 1181 1356 quippe
1196 1274 1265 1355 qui,
1289 1274 1325 1336 in

227 1375 412 1439 colliminio
427 1376 632 1439 tenebrarum
647 1394 689 1438 ac
712 1376 798 1438 lucis
814 1376 1022 1449 constitutae,
1037 1392 1096 1437 nec
1112 1374 1325 1456 Paganorum

225 1475 308 1539 ritus
331 1478 497 1560 probaret,
520 1497 582 1540 nec
606 1476 776 1541 Cflursuo
800 1485 910 1540 tamen
924 1476 1070 1541 dedisset
1088 1498 1217 1543 nomen.
1262 1478 1326 1542 So-

226 1578 370 1660 phistam
392 1578 515 1643 Italum
530 1585 631 1643 vocat
646 1578 790 1657 Suidas3
813 1579 996 1662 eodemque
1020 1581 1151 1644 nomine
1175 1588 1327 1646 censetur

226 1682 259 1745 in
274 1682 458 1762 originibus
472 1681 864 1762 Constantinopolitanis.
897 1679 1100 1765 Quanquam
1111 1702 1178 1746 non
1193 1683 1324 1761 desunt,

227 1783 285 1865 qui
307 1784 396 1848 hunc
427 1783 621 1866 Eutropium
645 1783 836 1847 historicum
850 1784 1002 1847 'eundem
1027 1803 1101 1849 esse
1124 1787 1327 1851 contendunt

226 1903 303 1948 curn
325 1884 487 1968 Eutropio
515 1886 708 1969 presbytero
730 1882 906 1963 Africano,
929 1883 1113 1968 Augustini
1145 1888 1324 1973 discipulo,

225 1988 285 2069 qui
299 1988 384 2052 duas
406 1987 450 2051 ad
472 2006 600 2051 sorores
623 1988 866 2052 consolationes
880 1989 1088 2072 conscripsit,
1103 1990 1199 2073 cujus
1213 1993 1326 2056 memi-

223 2109 300 2154 nere
314 2090 519 2155 Ptolemaeus
532 2089 708 2167 Lucensis,
722 2097 756 2154 et
765 2090 918 2174 Rapbael
927 2090 1173 2157 Volaterranos.
1196 2092 1326 2177 Stylum

222 2193 295 2275 ejus
308 2192 474 2275 inprobat
481 2191 638 2271 Vossius,
649 2196 686 2256 ut
699 2212 816 2275 parum
831 2195 1048 2259 concinnum:
1071 2194 1191 2258 fatetur
1202 2200 1322 2273 tamen,

222 2313 279 2357 *res
293 2294 387 2376 ipsas
403 2293 600 2376 compendio
615 2293 697 2357 satis
721 2294 897 2357 commodo
919 2296 963 2358 ab
981 2295 1142 2380 Eutropio
1161 2298 1325 2362 constric-

225 2405 289 2460 tas.
334 2396 577 2460 Doctissimum
598 2383 702 2459 luisse
723 2394 937 2478 Eutropium,
955 2404 989 2462 et
1008 2401 1114 2464 multa
1140 2400 1326 2483 eloquentia

225 2497 402 2582 scripsisse
433 2504 529 2581 putat
549 2497 702 2562 lacobus
733 2498 922 2584 Philippus.
968 2499 1150 2583 Antiquum
1172 2501 1326 2567 historio·

224 2601 384 2685 graphum
406 2601 553 2684 appellat
567 2600 775 2663 Hincmarus
789 2601 1000 2665 Rhemensis.
1045 2601 1092 2666 At
1115 2603 1324 2669 Schonovius

224 2723 291 2767 non
312 2723 388 2768 eum
410 2704 494 2766 inter
515 2702 667 2785 antiquos
689 2709 857 2783 recenset3
880 2703 938 2767 sed
959 2704 1038 2768 licet
1059 2705 1198 2789 scripsit
1216 2715 1325 2790 poste·

223 2807 303 2882 rius,
325 2824 434 2888 neque
466 2811 588 2881 tamen,
619 2805 736 2887 inquit,
759 2804 867 2869 minor
889 2807 1098 2889 eloquentia3
1130 2814 1164 2872 et
1194 2808 1325 2891 judicio

224 2909 325 2973 etiam
339 2907 565 2991 superioribus
576 2905 639 2970 fuit
652 2908 853 2972 eminentior.
887 2908 974 2974 Saue
990 2911 1196 2992 quanticum
1212 2910 1325 2976 Graeci

225 3009 372 3086 fecerint,
387 3009 441 3072 vel
456 3013 646 3090 argumento
660 3009 746 3072 illud
763 3011 834 3087 erit,
851 3011 942 3094 qnod
957 3011 1080 3095 Capito
1106 3018 1141 3076 et
1167 3013 1323 3078 Paeamus

147 3163 153 3176 .
224 3109 419 3194 Eutropiani
435 3110 624 3192 compendii
635 3111 860 3193 metaphrasin
872 3113 993 3178 Graece
1006 3114 1208 3196 scripserint.
1236 3114 1323 3180 Duae

223 3219 301 3278 sunt
315 3219 423 3277 autem
439 3213 572 3277 omnino
597 3230 662 3290 res,
676 3234 751 3297 quae
772 3214 896 3280 samam
910 3222 944 3280 et
957 3216 1096 3299 gloriam
1109 3217 1324 3301 scriptoribus

221 3313 403 3378 conciliare
418 3313 557 3391 soleant,
579 3314 608 3378 si
629 3316 665 3378 in
680 3316 809 3381 alienas
827 3319 1059 3384 transferantur
1071 3318 1214 3403 linguas,
1228 3318 1323 3401 sique

225 3415 550 3499 interpretationibus
565 3416 776 3484 illustrentur.

147 3783 149 3786 ι
245 3701 324 3765 Aut.
341 3699 522 3767 Posscviuus
544 3704 577 3767 in
588 3672 838 3788 Apparatuod
866 3707 1001 3771 omnium
1035 3708 1174 3793 gentium
1195 3707 1301 3773 histor.

655 3825 683 3908 §.
706 3841 764 3888 ru.
791 3848 818 3889 c.
840 3826 893 3890 35.
961 3897 964 3904 ,

268 3954 411 4019 ‘Minus
431 3957 566 4040 quidem
587 3957 731 4041 elegans,
754 3960 814 4023 sed
830 3980 903 4024 cum
919 3980 964 4024 ex
984 3960 1083 4024 Livio
1105 3966 1139 4024 et
1162 3958 1323 4028 Sallustio

222 4078 275 4122 res
288 4058 385 4122 nobis
405 4078 491 4123 nunc
515 4060 645 4141 ignotas
660 4060 870 4143 decerpserit,
881 4068 915 4126 et
928 4081 1058 4127 ornnem
1072 4061 1243 4126 historiam
1252 4061 1324 4129 Ro-

221 4157 379 4238 manam,'
391 4161 450 4250 loc.
474 4167 621 4245 utsupra
634 4164 668 4227 in
683 4163 795 4228 verbis
809 4162 948 4246 sigonii.
