3017 4859
243 359 290 428 dd
693 385 929 436 rusi-ruerus

244 525 571 610 stentinopolitnnis.⁴
611 526 748 595 Laudat
762 551 844 596 vero
858 552 933 597 eum
949 540 1069 598 testem
1090 535 1127 597 in
1146 535 1246 599 rebus
1260 536 1347 600 Cou-

244 629 383 693 stantini
406 627 535 712 Magni,
558 650 637 715 qum
658 634 769 698 oculis
790 637 862 699 suis
884 637 1011 700 vidisse
1030 657 1107 702 eum
1129 637 1188 701 sit
1233 637 1347 721 Atque

244 751 289 798 ex
302 732 355 796 bis
368 739 463 816 patet
484 754 571 800 error
583 735 761 803 Ptolemaei
776 739 981 822 [Lucensis]
1000 751 1035 805 et
1048 740 1149 823 bnjus
1170 761 1208 804 se
1229 749 1348 805 auctu

243 837 343 901 ritate
364 839 492 902 tuentis
508 837 693 922 Rnpba'elis
709 840 934 920 Volaterrani,
955 847 1014 927 qui
1036 843 1234 927 Eutropium
1255 844 1344 908 Mne

242 937 348 1003 tuisse
369 947 524 1022 putarunt
538 942 741 1026 discipulum
756 946 800 1010 Β.
816 945 1005 1027 Augustini.
1050 945 1138 1023 Quae
1160 955 1195 1011 et
1212 955 1346 1011 senten·

158 1041 164 1054 '
244 1043 293 1107 tia
313 1049 365 1106 est
379 1041 533 1123 Gesneri,
548 1055 584 1110 et
600 1045 801 1128 Eisingrinii,
816 1059 851 1112 ot
865 1048 1032 1122 Theodori
1050 1048 1219 1130 Zuingeri
1233 1049 1347 1115 Thea·

242 1146 286 1210 tri
301 1145 354 1210 soi
368 1148 537 1212 volumine
553 1167 604 1213 νι.
630 1151 689 1214 lib.
707 1167 749 1215 rr.
772 1151 815 1214 ad
836 1152 910 1216 haec
926 1151 1102 1214 Posserini
1125 1153 1157 1214 in
1170 1149 1344 1235 Apparatu

243 1267 351 1325 sacro,
366 1255 468 1333 atque
480 1251 631 1316 aliorum.
676 1251 717 1315 Iu
732 1272 877 1316 errorem
892 1273 1007 1316 omnes
1021 1274 1080 1316 eos
1095 1254 1238 1336 impulit,
1253 1256 1343 1338 quod

241 1348 438 1414 Gennadius
453 1352 485 1415 in
500 1353 673 1416 illustrium
689 1355 848 1418 Virorum
864 1354 1020 1436 catalogo
1034 1355 1229 1438 Eutropium
1243 1376 1344 1440 quen-

241 1450 317 1516 dem
339 1453 470 1531 reserat,
492 1454 535 1518 de
558 1475 628 1538 qno
649 1457 735 1521 bunc
766 1460 801 1521 in
832 1458 966 1522 modum
989 1458 1079 1541 apud
1110 1477 1185 1521 eum
1206 1458 1341 1540 legitur:

241 1552 449 1638 ‘Eutropius
470 1558 641 1641 presbyter
661 1560 795 1642 scripsit
828 1559 872 1624 cd
905 1561 994 1624 duas
1023 1578 1169 1636 sorores,
1202 1561 1343 1625 ancillas

241 1654 376 1733 Christi,
392 1677 468 1740 quae
484 1658 529 1722 ob
550 1657 766 1724 devotionem
789 1661 973 1744 pudicitiae,
987 1669 1022 1725 et
1044 1681 1190 1726 amorem
1212 1663 1343 1744 religio·

240 1759 305 1836 nis,
328 1759 549 1826 exhaeredata
582 1768 661 1826 sunt
693 1765 942 1846 aparentibus,
965 1765 1126 1848 epistolas
1150 1765 1184 1828 iu
1204 1765 1341 1829 modum

240 1861 428 1926 libellorum
450 1863 707 1941 consolatorias,
723 1865 867 1948 eleganti
889 1874 922 1929 et
943 1873 1060 1949 aperto
1078 1885 1227 1930 sermone
1242 1867 1339 1944 duas,

240 1981 308 2028 non
341 1966 447 2029 solum
470 1966 607 2041 ratione,
630 1964 692 2029 sed
727 1967 829 2029 etiam
863 1966 1065 2030 testimoniis
1096 1965 1341 2049 Scripturarnm

238 2062 404 2130 munitas!
449 2064 603 2129 Meminit
628 2072 738 2130 autem
763 2068 835 2150 ejus
858 2066 1054 2132 Gennadius
1078 2075 1157 2151 post
1183 2065 1341 2151 Angusti-

237 2171 328 2243 r'rum,
343 2164 511 2242 Orosium,
526 2167 623 2232 alios.
668 2168 773 2232 Hunc
789 2168 837 2231 illi
862 2188 939 2233 esse
966 2169 1121 2233 breviarii
1144 2169 1340 2251 scriptorem

238 2267 454 2334 crediderunt.
499 2268 566 2333 Sed
577 2275 727 2352 tempora
739 2277 938 2352 repugnant,
954 2288 1030 2333 cum
1045 2273 1162 2333 auctor
1173 2269 1340 2348 breviarii,

239 2369 461 2449 Constantini,
483 2372 558 2454 ejus
578 2370 771 2446 liberorum,
793 2368 933 2443 iuliani,
956 2368 1105 2446 Joviaui,
1129 2375 1164 2433 et
1186 2368 1340 2436 Valentis

237 2474 443 2556 temporibus
467 2472 609 2537 vixerit:
645 2479 764 2536 atrion
786 2473 864 2535 item
886 2470 1038 2537 Gratiani
1059 2477 1118 2536 aut
1138 2470 1338 2552 Theodosii;

238 2574 358 2639 saltem
379 2594 445 2639 non
459 2573 599 2638 Arcadii
618 2580 652 2637 et
679 2572 842 2637 Honorii:
865 2579 904 2636 ut
919 2571 1113 2655 Augustino
1124 2591 1209 2660 esse
1225 2572 1339 2656 junior

236 2694 301 2740 nou
323 2679 441 2760 possit.
493 2674 622 2739 Adhaec
656 2675 712 2738 ille
735 2673 910 2739 Geonadio
932 2681 1132 2739 memoratus
1154 2675 1339 2757 presbyter

236 2786 327 2844 erat:
352 2786 386 2843 at
406 2779 462 2843 bic
484 2798 527 2842 an
549 2776 758 2842 Christianus
783 2777 894 2853 fuerit,
909 2778 1029 2840 merito
1052 2776 1239 2858 ambigitur,
1262 2796 1337 2841 com

235 2881 372 2946 reticeat
407 2879 668 2944 Christianorum
705 2879 954 2961 persecutiones
984 2894 1023 2941 x.
1058 2897 1099 2941 ac
1135 2869 1177 2942 in'
1190 2877 1337 2944 Joviano

236 2991 348 3067 operto
363 2981 501 3045 suadeat
513 2980 696 3063 perfidiam.
742 2981 822 3045 Scio
832 3000 920 3058 esse,
931 2983 988 3064 qni
998 2979 1218 3045 dhristianum
1232 2980 1336 3046 fuisso

234 3083 396 3165 colligunt
427 3079 558 3159 exinde,
590 3081 682 3165 quod
709 3081 752 3145 de
773 3081 911 3146 iuliano
945 3083 1092 3147 scribat:
1115 3086 1126 3115 ‘
1149 3081 1336 3164 Religionis

234 3184 434 3250 Christianae
448 3185 640 3264 Insectutor,
663 3183 800 3268 perinde
815 3189 936 3259 tamen,
950 3189 986 3246 ut
999 3202 1117 3247 cruore
1133 3182 1336 3249 abstineret'

235 3283 303 3352 Sed
325 3286 372 3351 ito
388 3305 520 3369 quoque
535 3285 678 3349 scribere
701 3286 811 3368 potuit
827 3284 971 3366 gentilis,
994 3286 1112 3348 saltem
1128 3286 1186 3368 qui
1207 3287 1242 3349 in
1257 3305 1336 3350 eon·

233 3387 314 3453 linio
330 3389 537 3451 tenebrarum
560 3406 601 3451 ac
622 3387 708 3451 locis
724 3388 938 3463 constitutus,
960 3405 1022 3450 nec
1037 3387 1191 3468 gentilem
1207 3386 1336 3469 roligio-

232 3510 306 3555 uem
341 3492 506 3574 probaret,
540 3509 602 3555 nec
628 3490 829 3555 Christianae
866 3497 975 3553 tamen
1008 3507 1127 3552 nomen
1163 3487 1332 3554 dedisset:

232 3592 351 3678 quales
373 3593 534 3657 saeculum
557 3592 637 3656 illud
658 3591 774 3658 habuit
794 3592 930 3655 multos.
975 3590 1042 3655 Sed
1063 3596 1243 3672 utcumque
1268 3588 1334 3655 hoo

231 3699 293 3772 est,
308 3699 468 3779 tempora,
492 3701 530 3758 ot
545 3695 701 3773 vidimus,
724 3714 784 3758 eos
808 3693 970 3771 refellunt,
985 3692 1043 3775 qui
1059 3687 1249 3770 Augustino
1263 3691 1334 3756 Eu-

230 3795 373 3879 tropium
396 3795 522 3862 iaciunt
538 3795 715 3879 juniorem.
770 3795 899 3878 Stylum
921 3795 952 3858 si
974 3799 1119 3877 spectes,
1142 3810 1257 3874 parum
1280 3798 1334 3858 est

231 3896 427 3961 concinnus:
451 3896 509 3959 sed
531 3896 594 3960 boc
617 3897 718 3973 aetati,
734 3914 801 3977 qua
816 3895 911 3971 vixit,
926 3895 1122 3959 tribuamus.
1166 3891 1238 3955 Res
1254 3912 1333 3958 vero

230 3996 323 4080 ipses
337 3997 535 4082 compendio
558 3997 642 4062 satis
663 3996 840 4063 commodo
858 3998 1068 4063 constrinxit.
1112 3995 1202 4061 Saue
1217 3993 1333 4079 quanti

729 4184 836 4237 NOTAE

680 4317 697 4366 t
713 4313 781 4365 vide
792 4327 878 4380 ruprr.
