3017 4859
243 364 267 430 4
439 337 447 350 ’
667 378 716 428 on
743 374 928 427 nurnoero

164 515 167 521 “
243 522 388 613 taleporos
406 520 550 587 sobrios
565 524 679 604 vocot3
705 519 772 599 vel,
787 520 819 586 si
840 519 995 585 diversus
1009 517 1074 584 fuit
1086 518 1130 585 ab
1144 516 1344 606 hocoigoi-

244 634 347 696 tatem
368 633 478 692 mmcn
498 624 731 708 Eutropiomm
751 621 883 708 probat.
927 620 1096 687 Posterior
1116 622 1265 687 maxima
1283 643 1345 707 po·

244 729 348 797 tentia
360 728 466 792 valuit
478 726 540 790 sub
556 723 714 803 Arcadio,
729 743 796 807 qua
816 723 960 807 quidem,
975 743 1051 789 cum
1066 726 1210 809 superbe
1229 726 1346 790 abute-

188 869 196 888 .
245 836 345 908 retur,
369 827 500 895 tandem
514 827 664 912 dejectus
680 846 700 891 a
716 827 891 910 consulatu
906 831 940 890 et
954 826 1144 891 interfectus
1158 834 1232 891 eslf
1276 826 1348 891 Ne·

248 932 370 1018 quein
396 931 477 994 viris
501 930 608 996 solnm
631 930 741 1012 viguit
763 929 828 993 hoc
851 945 979 1008 nomen,
1007 928 1065 993 sed
1088 930 1175 992 etin
1200 928 1347 994 foeminis

247 1032 459 1101 nobilitatum
495 1039 558 1099 est.
602 1032 682 1097 Fuit
716 1034 802 1097 enim
835 1029 997 1114 Eutropia
1024 1050 1110 1096 uxor
1145 1029 1348 1095 Maximiani

250 1136 412 1213 Herculii,
435 1154 480 1197 ox
503 1154 570 1218 qua
591 1134 802 1198 Maxentium
824 1138 857 1196 et
875 1131 1048 1211 Faustam,
1062 1131 1240 1217 conjugem
1261 1131 1349 1198 Con·

250 1237 397 1313 stantini,
424 1237 584 1321 suscepit.
628 1235 742 1315 Quam
757 1255 833 1300 cum
849 1234 967 1317 Syram
981 1234 1152 1299 mulierem
1161 1239 1263 1300 vocet
1276 1232 1349 1299 An·
1427 1225 1428 1228 '

250 1341 352 1408 relius
366 1339 510 1418 Victor,⁴
525 1358 596 1403 snae
611 1340 716 1421 gentis
728 1337 881 1403 homines
893 1335 971 1400 inde
984 1336 1208 1415 arcessivisse,
1223 1355 1350 1422 suaque

253 1442 357 1508 tutela
380 1447 415 1506 et
436 1460 503 1523 ope
517 1441 564 1504 ita
572 1439 780 1504 sustinuisse
801 1437 940 1516 videtur,
954 1442 993 1501 ut
1005 1445 1127 1522 postea
1140 1437 1184 1501 ad
1203 1457 1351 1503 summos

249 1545 390 1610 honores
403 1543 619 1607 eveherentur.
677 1539 771 1603 Idem
785 1540 885 1604 etiam
898 1558 1019 1603 noman
1029 1540 1132 1621 gessit
1145 1537 1352 1603 Constantini

172 1663 176 1670 ·
252 1666 357 1723 soror,
373 1643 467 1708 unde
484 1642 721 1726 Nepotianum,
747 1641 805 1724 qui
827 1660 903 1704 cum
926 1641 1098 1723 imperium
1114 1641 1314 1725 arripuisset,
1330 1657 1353 1704 a

253 1746 462 1823 Marcellino,
488 1743 671 1828 Magnentii
695 1745 794 1822 duce,
815 1742 1004 1808 interiectus
1026 1748 1090 1822 est,
1112 1744 1257 1827 genitum
1278 1753 1353 1808 esse

252 1848 350 1913 refert
364 1845 547 1912 zosimus:

713 2044 818 2112 cAP.
855 2047 904 2112 11.

482 2215 531 2263 DE
555 2214 733 2264 BU'l'ROPll
759 2215 951 2265 nisuottlcl
975 2210 1130 2261 osenla.

299 2328 360 2395 Au
383 2352 428 2396 ex
452 2329 688 2415 Eutropiorum
709 2333 768 2396 illa
789 2339 885 2416 gente
904 2331 961 2395 hic
983 2335 1076 2395 ortus
1091 2329 1147 2408 sit,
1167 2329 1230 2394 etsi
1244 2349 1356 2395 avero

255 2451 323 2496 non
336 2433 435 2516 plane
450 2435 613 2512 abhorret,
628 2454 690 2518 pro
710 2440 802 2499 certo
826 2439 934 2498 tamen
958 2430 1112 2496 affirmari
1132 2432 1255 2514 nequit,
1278 2451 1357 2497 cum

257 2533 300 2599 de
322 2534 396 2618 ejus
411 2534 575 2599 natalibus
590 2541 623 2599 et
642 2536 753 2618 patria
771 2534 852 2599 nibil
865 2536 898 2599 in
912 2534 1129 2620 scriptoribus
1142 2539 1358 2598 memoratum

256 2634 394 2719 legatur.
439 2636 563 2700 Italum
584 2637 668 2701 facit
693 2636 826 2701 Suidas.
871 2636 972 2716 Quod
997 2638 1027 2700 si
1051 2636 1194 2720 patriam
1216 2639 1358 2718 spectat,

257 2735 394 2800 minime
415 2736 609 2802 adversatur
632 2737 867 2820 superioribus,
890 2738 992 2802 immo
1013 2735 1208 2820 Eutropiam
1229 2742 1357 2819 gentem

257 2836 292 2902 iu
318 2836 421 2901 Italia
449 2838 641 2902 consedisse
672 2840 802 2922 probat.
855 2837 1009 2904 Obtinuit
1033 2840 1133 2903 etiam
1158 2837 1257 2921 vulgo
1285 2838 1359 2902 lraec

259 2937 387 3022 opinio,
410 2957 486 3020 quae
511 2944 620 3003 tamen
637 2939 770 3016 corruit,
791 2944 849 3004 aut
863 2947 952 3004 certe
972 2939 1204 3018 labefactatur,
1228 2939 1258 3002 si
1281 2958 1358 3003 cum

260 3033 431 3103 Fabricio·
445 3038 748 3117 velimus,‘Suidam
760 3040 795 3104 id
811 3042 946 3104 innuere
960 3041 1123 3119 voluisse,
1139 3040 1226 3125 quod
1243 3039 1360 3105 Latine

258 3139 433 3222 scripserit
447 3139 640 3224 Eutropius.
684 3141 805 3206 Galliae
829 3163 905 3206 eurn
919 3143 1088 3208 vindicare
1100 3147 1265 3207 tentarunt
1282 3161 1361 3205 anc-

258 3245 346 3304 tores
368 3241 512 3306 historiae
538 3240 691 3308 literariae
722 3241 1042 3308 Gallo-Francicus.b
1085 3242 1216 3326 Nempe
1230 3247 1360 3326 putant,

260 3340 402 3408 eundem
416 3362 504 3421 esse,
518 3343 563 3408 ad
576 3363 678 3429 quem
691 3344 925 3431 Symmachus⁰
937 3344 1072 3429 ,diqnas
1087 3343 1247 3429 epistolas
1257 3344 1363 3428 scrip-

757 3560 863 3613 NOTAE

298 3685 386 3737 ‘Viti
398 3685 431 3737 tls
449 3701 482 3738 oo
499 3687 544 3740 Jo.
567 3686 746 3739 Antiocheno·
766 3687 793 3738 in
864 3697 877 3724 ⁸
894 3690 923 3740 0
934 3690 953 3741 1.
964 3688 1084 3740 Fabricio
1095 3688 1235 3739 assentitur
1247 3686 1364 3752 Verbey·

262 3763 395 3826 ucuptlr
413 3762 587 3814 Polrescianis
606 3780 634 3828 p.
651 3769 707 3816 848.
725 3765 793 3814 unde
832 3768 891 3818 hius
902 3767 928 3815 in
941 3765 1043 3830 praefat.
1055 3765 1087 3814 ad
1099 3766 1208 3828 Eutrop.
1220 3779 1246 3828 p.
1256 3767 1298 3814 20.

261 3837 392 3888 mndnxlt
401 3837 505 3900 fluidas,
516 3847 554 3901 et,
561 3840 605 3906 qul
617 3842 691 3905 plora
700 3842 794 3890 attule-
866 3841 877 3877 l
893 3842 923 3893 C.
935 3843 952 3891 l.
964 3843 1003 3891 bis
1015 3840 1116 3891 verbis:
1128 3842 1244 3903 Eutrops
1255 3839 1321 3890 etoit
1330 3839 1363 3890 de

262 3912 332 3976 nist,
348 3913 467 3964 Zosimus
479 3930 505 3964 v.
517 3920 541 3966 ⁸.
553 3931 593 3980 sq.
612 3924 638 3966 et
651 3917 792 3967 Philostor·
834 3916 917 3968 meme
937 3917 1004 3980 pair,
1024 3931 1074 3980 que
1090 3917 1147 3966 lule
1161 3916 1283 3975 Ausona3
1299 3915 1365 3966 c'est

251 3988 319 4062 ,pios
331 4002 370 4040 ιι.
388 3994 464 4055 ιη.
498 3991 617 4043 innotuit
636 3993 718 4057 megia
738 4007 794 4044 ear·
835 3991 1131 4044 {dirodollourdeaux
1150 4005 1183 4040 on
1201 3991 1234 4041 tio
1253 3993 1365 4056 quelqoe

260 4065 342 4129 hine,
361 4068 433 4132 quod
444 4068 471 4117 io
481 4082 541 4118 earn
552 4069 665 4134 scripsit
675 4068 795 4121 claudis·
836 4078 910 4118 antra
919 4069 1024 4119 erroroit
1035 4068 1204 4134 ‹l'Aqultaine
1215 4068 1250 4118 dn
1261 4068 1319 4120 eote
1330 4069 1365 4119 de

262 4155 320 4191 nne.
608 4193 611 4194 ⁷
836 4143 925 4193 llum.

295 4214 490 4342 :loppttxn
503 4221 544 4268 ιι.
867 4231 954 4281 ‘Vin
966 4241 1010 4281 nr.
1021 4235 1062 4297 to,
1072 4235 1113 4283 bt.

323 4303 355 4342 n.
398 4326 406 4342 .
