3017 4859
606 395 884 447 urmurnorru.
1248 381 1295 452 80

192 559 298 627 'Micia
318 557 483 628 Piccnrtus
501 563 626 629 Decede
641 583 721 631 xvr.
749 562 925 631 Obsercott.
945 564 1297 654 historicopoliticarmn

193 687 200 694 ·
709 691 734 732 c.
758 671 790 733 1.

238 801 368 884 legens
390 823 493 886 nuper
508 803 542 865 iu
563 802 736 888 Eutropio,
750 803 828 890 (qui
841 806 1039 872 breviarium
1060 808 1208 874 historiar
1225 808 1297 875 Ro-

193 924 303 969 manae
324 899 433 968 uobis'
454 906 601 988 reliquit,
625 926 783 971 annorum
817 908 949 992 quidem
973 897 1090 973 mcxv.
1120 912 1292 976 succincta

192 1023 272 1069 saue
289 1006 515 1088 concinnaque
538 1007 710 1085 brevitate,
725 1010 775 1073 sic
797 1014 917 1087 tamen,
931 1017 968 1075 ut
990 1011 1072 1076 nihil
1087 1031 1146 1095 per
1159 1032 1200 1076 ea
1213 1019 1298 1077 tem·

193 1126 277 1188 pora
291 1107 450 1171 acciderit
464 1127 561 1191 paene
573 1110 609 1172 in
623 1108 770 1193 Imperio
784 1110 951 1190 Romano,
964 1113 1054 1196 quod
1066 1134 1133 1177 uon
1149 1114 1296 1196 diligenti

192 1205 242 1271 illi
258 1211 385 1273 auctori
399 1210 453 1273 vel
468 1210 572 1272 tribus
587 1211 704 1275 saltem
716 1213 829 1277 verbis
848 1212 1013 1299 notatum)
1025 1213 1127 1279 incidi
1141 1215 1176 1278 in
1190 1215 1295 1280 histo·

193 1308 278 1374 riam
290 1310 426 1390 Numae,
441 1315 502 1377 &c

189 1453 311 1526 Morio.
326 1454 525 1522 Cosaabonus
548 1458 581 1520 in
600 1456 792 1522 Testimoniis
815 1459 852 1523 de
867 1458 978 1524 Marco
992 1459 1101 1524 Aurei.
1122 1459 1295 1525 Antonino.

237 1590 361 1656 Suidas
383 1593 418 1656 in
432 1613 506 1657 voe.
523 1591 640 1678 Μάρκος
653 1595 715 1659 tria
729 1596 863 1660 diversa
879 1585 1294 1680 diversorumscriptorum

191 1694 319 1777 profert
338 1697 537 1761 testimonia.
587 1698 738 1763 Primum
759 1718 803 1762 ex
824 1699 1041 1776 Philostrato,
1064 1702 1125 1763 tec.
1169 1697 1295 1762 Secun-

190 1796 273 1860 dum
294 1797 387 1880 quod
408 1800 537 1883 incipit,
560 1798 676 1886 Μάρκος
698 1799 834 1879 βασιλεὺς
855 1797 1003 1882 Ῥωμαίων
1023 1798 1053 1862 ὃν
1078 1798 1294 1878 ἐκπλήττεσθαι,

192 1902 252 1962 &o
266 1905 320 1964 est
332 1920 415 1984 pura
429 1908 513 1985 puta
526 1902 680 1986 Eutropii
692 1903 883 1990 μηάφςασις,
899 1910 956 1968 aut
969 1900 1152 1988 παράφρασις
1170 1903 1294 1985 potius.

193 2000 426 2087 Quaecumque
450 2006 537 2068 enim
560 2004 699 2070 Latinus
733 2007 791 2070 ille
822 2006 997 2072 Breviator
1019 2005 1182 2070 Historiae
1206 2003 1295 2086 stylo

193 2108 425 2185 contractiore,
439 2113 473 2170 et
486 2107 562 2172 inde
584 2110 722 2192 saepius,
738 2110 797 2173 sed
813 2114 846 2173 et
860 2110 905 2174 ob
921 2127 1062 2172 acumen
1076 2105 1294 2191 sophisticum

192 2226 442 2291 nonnunquam,
458 2210 669 2291 obscuriore;
690 2211 745 2276 hic
761 2211 882 2276 Graece
903 2212 953 2275 sie
969 2209 1158 2287 redduntur,
1172 2212 1208 2272 ut
1228 2226 1295 2272 non

191 2329 305 2394 panca
319 2312 445 2395 passim
459 2314 560 2377 uerba
578 2313 807 2398 suppleantur,
823 2333 900 2398 qnae
915 2313 1108 2378 seutentiam
1122 2310 1295 2374 clariorem

193 2429 235 2476 ac
258 2412 440 2495 pleniorem
455 2411 605 2479 reddant.
649 2413 691 2477 In
714 2435 782 2480 nuo
797 2422 906 2479 tamen
929 2420 962 2479 et
988 2414 1092 2479 altero
1106 2412 1183 2477 loco
1202 2431 1295 2489 men·

192 2519 263 2592 tem
278 2514 432 2599 Eutropii
446 2534 513 2579 nou
529 2516 612 2580 satis
628 2522 805 2581 assecutus
819 2525 871 2588 est
884 2516 938 2581 hic
951 2512 1184 2600 (quicumque)
1197 2533 1295 2598 para·

192 2617 357 2698 phrases.
403 2617 556 2681 Ceterum
572 2638 591 2680 e
606 2618 750 2697 dnobus,
766 2638 906 2701 quorum
926 2619 1046 2683 notitia
1067 2617 1111 2682 ad
1134 2636 1197 2681 nos
1219 2636 1294 2699 per-

193 2720 292 2799 venit,
315 2720 471 2804 Eutropii
487 2718 620 2783 Graecis
640 2721 884 2803 interpretibus,
911 2718 1083 2804 Capitone,
1108 2718 1207 2801 cnjus
1226 2737 1294 2783 non

193 2824 285 2886 solus
307 2820 430 2886 Snidas
451 2821 614 2898 meminit,
634 2825 668 2884 et
690 2814 842 2898 Pueauio,
857 2822 954 2904 cnjus
979 2821 1150 2885 translatio
1164 2818 1294 2902 pridem

192 2924 227 2988 in
254 2923 364 2988 lucem
392 2923 532 3008 prodiit3
554 2924 619 2987 utri
643 2924 760 2987 horum
782 2923 956 3010 tribuenda
982 2923 1048 2986 siut
1072 2922 1157 2998 haec,
1172 2922 1201 2985 si
1216 2921 1293 3004 quis

193 3033 342 3110 quoerat:
363 3027 426 3090 etsi
443 3026 615 3090 Paeanium
630 3024 742 3088 videre
762 3024 842 3088 milri
859 3045 925 3089 nou
936 3025 1093 3088 hactenus
1108 3023 1293 3105 contigerit,

192 3147 238 3192 ex
253 3129 297 3192 iis
311 3134 424 3193 tamen
438 3149 515 3212 qnae
527 3127 569 3191 de
583 3127 657 3210 ejus
672 3129 825 3191 versione
838 3127 902 3191 viri
916 3126 1111 3203 doctissimi,
1120 3124 1143 3189 J
1146 3145 1195 3190 os.
1210 3126 1294 3190 Sca·

192 3230 287 3313 liger,
302 3230 337 3293 h.
360 3250 404 3293 m.
428 3247 547 3313 parens
573 3228 621 3293 Is.
646 3227 883 3307 Casanbonus,
898 3227 1069 3306 Valesius,
1095 3226 1218 3310 aliique
1233 3226 1294 3309 qui

193 3330 348 3414 legerant,
360 3332 486 3415 passim
502 3331 723 3414 pronuntiant,
738 3348 804 3393 non
818 3330 968 3408 Paeanio,
994 3328 1053 3393 sed
1069 3328 1236 3413 Capitoni,
1257 3333 1295 3392 ut

192 3439 227 3497 et
248 3434 425 3517 antiquiori
445 3437 478 3496 et
498 3433 593 3514 longe
613 3432 839 3515 praestantiori
853 3431 1077 3516 adjudicanda
1089 3450 1163 3495 esse
1184 3430 1294 3495 facilis

193 3541 247 3602 eat
262 3536 461 3621 conjectura.
506 3535 593 3599 Sunt
607 3537 694 3600 euim
707 3534 781 3600 haec
798 3553 933 3618 quoque
947 3534 1039 3611 talia,
1055 3553 1131 3616 quae
1148 3533 1295 3596 auctoris

193 3639 247 3704 sui
260 3659 326 3703 non
340 3639 475 3721 vulgare
488 3636 666 3720 ingenium,
681 3643 717 3700 et
729 3636 769 3699 in
777 3643 925 3703 xueterum
938 3635 1078 3701 lectione
1092 3634 1293 3716 diligentiam

194 3747 366 3806 testentur.
446 3767 455 3774 ·

218 3889 310 3956 Patr.
326 3888 508 3954 Lombecius
530 3890 564 3953 in
584 3887 843 3955 commonenda
859 3886 1011 3952 Bibliotlr.
1029 3884 1106 3951 Cas.
1120 3883 1173 3948 lio.
1190 3901 1272 3950 vrit.

239 4029 396 4093 Decimus
418 4024 555 4090 Godex⁸
579 4026 832 4111 Manuscriptus
852 4025 1052 4090 Historicus
1068 4023 1211 4089 Graecus
1241 4025 1297 4087 est

691 4159 797 4210 NOTAE

381 4261 398 4308 0
419 4257 493 4309 luter
510 4257 592 4311 codd.
613 4270 706 4323 nempe
729 4257 881 4308 (iuncorum
899 4252 1097 4305 Historicorum.
