3017 4859
350 361 526 414 sauvrso.
548 360 647 414 nisu.
671 363 761 417 noro.
785 365 859 415 ura.
876 366 942 416 vn.
965 366 1048 419 oar.
1070 351 1125 420 14.
1218 352 1285 421 420
1310 432 1312 436 Α

188 498 319 553 stituimua
334 506 358 551 at
378 502 473 553 ianua.
507 504 574 556 Quia
590 518 640 553 non
663 510 718 554 tao·
792 505 1036 570 invalidiorum]
1049 505 1200 557 'Albionom
1213 506 1284 559 θὴν.

187 583 244 627 tom
265 579 383 642 proxime
405 580 541 643 procedit,
555 585 625 643 arque
641 582 719 629 mode·
789 582 903 647 Orcades]
932 582 980 631 Hra
992 583 1080 631 insulas
1089 584 1229 633 etiamnum
1240 584 1284 632 iro·

186 660 250 717 rste,
259 669 348 703 verum
358 656 437 705 eriam
449 657 517 720 quod
529 656 612 705 Codd.
624 656 716 705 Leidd.
755 658 798 707 die
810 667 870 708 sunt
881 660 950 708 ultra
961 660 1084 715 scotiam,
1103 674 1162 723 quar
1174 674 1235 722 pars
1246 661 1285 709 io·

188 746 287 795 omues,
296 739 324 782 et
335 733 401 782 Edd.
419 735 522 783 Vetusi.
532 741 683 784 constanter
693 740 717 785 et
755 734 818 783 aolae
838 733 962 783 Albionis.
980 735 1048 783 Glsr.
1082 734 1118 783 At
1129 735 1177 784 suh
1188 735 1283 786 Flauiis

186 816 303 856 servant.
328 807 443 872 Veriaeylr.
754 808 866 869 demum,
891 809 1014 869 Agricola
1039 808 1158 873 prunido,
1182 810 1284 861 Britan·

220 881 272 930 Hic
281 881 371 931 aredius
381 880 517 946 imperarit]
530 883 581 933 Hic
591 883 656 933 adso
666 893 718 934 stu·
754 884 798 932 nia
807 884 1036 949 circumnavigata,
1048 885 1131 934 insula
1140 892 1284 949 comperta.

186 957 263 1021 pidua
274 956 336 1020 fuit,
355 966 385 1008 ut
397 966 480 1009 mater
491 960 718 1024 Antonioporten-
754 959 808 1009 Dio
830 958 902 1010 Cass.
920 972 997 1011 uxur.
1015 976 1041 1024 p.
1059 965 1117 1011 164.
1148 962 1220 1011 Tunc
1231 960 1285 1024 prl-

188 1040 243 1085 turn
262 1036 594 1099 eumnominisdietitsrsr,
610 1052 659 1087 osc
674 1039 718 1088 ab·
754 1050 823 1084 mum
843 1034 961 1085 Orcadas
987 1037 1100 1085 inventa
1120 1045 1148 1086 ot
1169 1036 1284 1086 domita.

187 1111 298 1160 minium
312 1120 438 1173 anatum,
448 1111 494 1160 scd
507 1120 607 1162 tantum
618 1115 718 1164 inchoa·
752 1113 836 1163 Tacit.
849 1113 938 1177 agric.
950 1128 1007 1176 cap.
1020 1118 1059 1163 lo,
1077 1114 1136 1163 Geli.
1157 1112 1283 1165 Eumdem

186 1191 242 1235 tom
254 1202 260 1234 ι
273 1200 304 1236 ao
315 1187 337 1235 si
348 1200 424 1251 quem
442 1187 567 1237 socordias
585 1196 717 1255 argueret,
753 1203 868 1240 errorem
886 1190 1014 1240 commisit
1025 1190 1142 1250 Orosius,
1157 1190 1284 1240 Eusebius

186 1261 333 1311 stultiorem
352 1262 441 1312 aiebat
457 1263 510 1312 lilio
532 1258 587 1315 soo'
600 1265 717 1316 Claudio.
755 1272 783 1315 et
794 1265 910 1315 Cassiod.
930 1266 958 1314 in
974 1266 1069 1316 Clrrou.
1080 1266 1141 1323 Viri.
1162 1266 1195 1316 ad
1206 1266 1285 1317 Dion.

188 1335 255 1386 Avia
283 1336 404 1399 Augusta
441 1352 490 1401 pro
519 1339 716 1404 despectissimo
754 1340 773 1389 l.
783 1353 829 1390 ιι.
839 1354 866 1405 p.
878 1344 936 1391 11111.
947 1347 975 1390 et
990 1341 1031 1391 Gi.
1043 1340 1165 1391 Oudeud.
1176 1342 1209 1391 ad
1221 1341 1285 1399 Suae

186 1429 289 1479 semper
309 1417 409 1468 habuit.
445 1420 524 1469 Soror
544 1417 638 1467 [ivilla
658 1433 716 1467 cnm
753 1423 809 1465 ton.
821 1431 845 1466 o.
855 1420 895 1466 17.
917 1416 1033 1482 Verieylr.

187 1491 718 1558 audissetsumaliquandoimperatorum,
786 1491 851 1541 Fato
870 1497 948 1541 utera
968 1506 1010 1545 aas
1029 1491 1185 1555 aalma]
1208 1491 1284 1542 lutor

187 1566 294 1617 miserta
308 1575 350 1617 cst
360 1569 450 1632 populi
461 1569 578 1631 Romani,
588 1575 618 1618 at
635 1568 718 1619 tradit
752 1579 798 1614 aex
808 1580 871 1631 quas
884 1566 1084 1617 habuitordine
1102 1580 1205 1627 uxores,
1224 1567 1282 1616 duaa

186 1639 260 1691 Suet.
270 1642 310 1691 tit.
321 1647 345 1692 3.
354 1642 380 1692 iu
389 1644 506 1692 Claudio.
525 1643 595 1693 Glar.
751 1642 865 1704 insignes
876 1642 975 1690 malitia
991 1639 1083 1691 fuero:
1103 1638 1243 1691 Messalina
1255 1642 1284 1691 li·

219 1717 347 1768 Britannis
355 1716 437 1767 intulit
448 1719 545 1782 bellam]
561 1721 603 1769 De
613 1719 661 1768 laao
672 1710 718 1768 aa·
752 1717 848 1767 bidinis
869 1710 1045 1782 ius'aplcbilis,
1064 1732 1140 1784 quam
1151 1719 1232 1783 jussit
1242 1732 1284 1768 oo·

187 1792 321 1855 peditions
340 1794 514 1859 Sostomcap.
526 1799 565 1845 ln
581 1795 609 1843 io
626 1794 717 1846 Claud.
753 1794 815 1857 cidi,
827 1801 863 1851 ¹nt
882 1795 966 1845 refert
975 1795 1060 1845 Tacit.
1078 1797 1096 1845 l.
1107 1809 1140 1845 ιι.
1151 1794 1183 1844 ad
1195 1793 1284 1856 duem,

190 1868 261 1918 Glor,
753 1870 865 1934 septimo
874 1870 976 1935 imperii
987 1884 1063 1920 anuo.
1081 1868 1245 1934 ditemque
1256 1877 1285 1919 et

220 1944 272 1993 Per
288 1946 335 1995 Cra.
355 1944 473 2003 Scirtiana,
493 1951 517 1995 et
532 1945 565 1995 Δ.
589 1946 719 2009 Pluatissa,
754 1946 856 2008 ultima,
880 1946 1032 2010 Agrippina,
1054 1945 1214 2007 Germanici,
1234 1945 1285 1994 hoc

188 2018 241 2082 do]
257 2019 300 2068 lta
310 2021 401 2082 legunt
416 2021 499 2072 codd.
516 2021 581 2072 Mas.
603 2028 631 2074 at
649 2024 719 2088 typia
755 2022 806 2082 est,
815 2020 903 2073 fratris
913 2022 994 2086 ipsios
1005 2021 1068 2086 tilia,
1082 2035 1141 2086 quaa
1151 2021 1221 2085 priua
1232 2020 1291 2070 no·-

187 2095 288 2145 caaratl
299 2110 388 2145 omncs
401 2112 431 2146 ac
444 2097 565 2147 Paeanius
579 2116 586 2147 ι
605 2105 635 2147 nt
644 2098 720 2163 quid·
755 2098 829 2147 mitio
839 2098 987 2149 AEnobarbo
997 2107 1088 2164 napta,
1098 2113 1131 2148 ea
1140 2113 1191 2162 quo
1199 2098 1285 2149 Naro·

187 2172 249 2237 qnid
260 2171 301 2222 hic
312 2174 416 2234 erroris,
428 2174 463 2222 sit
475 2187 554 2236 penes
566 2174 720 2239 Eutropium
756 2186 815 2223 nem
827 2182 992 2239 susceperat:
1008 2189 1096 2225 rernm
1117 2181 1147 2224 nt
1163 2174 1244 2237 ipsius
1254 2173 1284 2223 a·

186 2248 279 2312 ipsun.
310 2249 414 2299 Sentius
422 2250 517 2300 Consul
526 2251 720 2315 occurritapod
755 2250 806 2300 lius
818 2250 890 2301 Nero
901 2253 928 2302 in
938 2254 1073 2317 imperinm
1087 2252 1198 2312 reuirat,
1210 2251 1286 2301 Clau·

186 2323 297 2373 Diouem
320 2326 405 2374 Ι.ι,ιι·.
425 2328 519 2387 pm
546 2322 583 2373 At
599 2324 624 2372 ei
643 2325 721 2375 Gaias
756 2325 800 2376 dio
809 2328 1103 2388 venenumdcdit3iodo
1114 2336 1142 2377 et
1152 2326 1219 2377 filius
1231 2327 1284 2376 Ne·

187 2396 239 2448 fuit
257 2414 405 2463 praenomou
427 2414 479 2449 noo
500 2402 545 2451 Ga.
566 2415 719 2466 quamquam
756 2415 796 2464 ro,
822 2403 913 2453 cadom
930 2411 986 2454 arte
1012 2419 1084 2466 usus,
1106 2402 1286 2453 Britannicam

185 2474 349 2525 librariorum
361 2477 460 2526 incuria
473 2477 507 2525 G.
523 2483 551 2527 st
569 2479 615 2527 Co.
624 2478 719 2542 sapioa
756 2476 856 2527 Claudii
867 2477 948 2529 tilium
958 2479 1082 2529 sustulit:
1106 2477 1211 2527 undem
1223 2483 1285 2541 port

187 2547 388 2613 confunduntur,
405 2560 485 2619 atquo
505 2552 549 2621 lta·
569 2553 620 2603 hoc
644 2567 719 2617 argu-
755 2554 1033 2605 multascelerastiam
1044 2559 1163 2615 matrem,
1184 2559 1215 2602 ut
1226 2564 1285 2615 pre·

187 2632 278 2677 mento
296 2627 350 2677 solo
366 2641 418 2677 nou
441 2636 509 2689 utar,
525 2629 585 2678 dum
612 2629 719 2680 historia
755 2629 1089 2696 oiumdiguumparrioidll.
1107 2629 1176 2679 Glar.
1286 2661 1290 2671 ·

188 2703 248 2767 plus
259 2703 381 2766 ponderis
398 2703 522 2768 adponet.
553 2704 659 2754 Sontioa
673 2718 718 2754 ne·
787 2704 943 2769 Britannico]
969 2705 993 2755 A
1014 2704 1150 2756 Britannia
1170 2703 1285 2754 doricis.

188 2792 308 2842 quocum
321 2779 428 2828 Plautio
445 2778 540 2828 bellum
559 2779 718 2829 administra·
757 2778 826 2828 Glur.
1281 2782 1289 2827 '.

188 2848 236 2918 rit,
257 2870 341 2919 ncqoe
360 2855 481 2904 aduersos
502 2856 642 2904 Britannos
663 2868 718 2905 rom
790 2852 994 2920 nummorum]
1015 2854 1183 2921 nomam
1199 2856 1253 2905 Dio
1266 2857 1286 2906 l.

188 2930 278 2994 gessit,
291 2930 338 2980 sod
348 2932 492 2982 Germanos
504 2929 537 2979 sd
549 2944 640 2995 pacem
650 2944 719 2980 com·
755 2937 802 2976 ιι.
813 2942 839 2991 p.
848 2932 905 2978 685.
915 2936 943 2979 st
954 2928 1057 2993 θριάμβῳ
1068 2931 1286 2983 utiturPnaains.

188 3007 275 3070 pulit:
293 3013 323 3057 ut
341 3008 438 3057 diaarta
459 3008 514 3056 Dio
534 3006 614 3056 tradit
634 3006 652 3054 l.
675 3020 718 3057 ιν.
754 2999 793 3052 At
814 3002 848 3053 do
869 3004 994 3069 Oratim,
1011 3006 1071 3072 quia
1088 3005 1206 3069 Principi
1222 3010 1285 3056 tunc

187 3097 215 3151 p.
223 3086 280 3134 668.
289 3084 398 3148 ejusque
407 3082 570 3133 victorinae
580 3082 718 3133 Germania
755 3079 879 3144 temporis
893 3081 981 3144 justas
998 3082 1142 3145 triumphus
1154 3090 1211 3132 crat
1225 3095 1287 3145 pro·
1350 3124 1355 3134 .

187 3156 363 3207 wsbraotem
382 3158 510 3208 Volleimn
527 3157 634 3206 Patere.
651 3156 670 3205 l.
685 3169 717 3205 ιι.
753 3155 834 3225 prius,
846 3155 954 3219 privatis
965 3156 1070 3219 Oratio,
1079 3157 1285 3207 ooesumsnasm

188 3247 213 3285 e.
224 3238 281 3285 1⁰5.
295 3238 349 3284 109.
369 3233 458 3283 laudat
476 3232 511 3283 ibi
526 3234 566 3283 cl.
579 3232 717 3282 Fabricios.
754 3239 844 3281 monor
864 3231 897 3280 sd
921 3233 1034 3283 Dionem
1052 3234 1093 3284 Cl.
1111 3231 1215 3283 Fabric.
1233 3231 1286 3283 vid.

126 3300 130 3305 ”
188 3309 384 3362 Quireroeorn
395 3312 498 3361 l’laotio
517 3311 544 3359 in
558 3301 718 3360 Britanniam
755 3306 1285 3371 quamcitatSoeton.o.lt.‘A.Plaotio

186 3384 321 3451 proiectus
332 3384 493 3447 sat,iuitcn.
502 3385 627 3435 Hosidios
634 3382 717 3435 Geta:
754 3381 835 3431 otiam
845 3384 989 3433 ovationem
1002 3381 1135 3434 docrevit!
1156 3382 1291 3445 Veriseylr:

187 3461 227 3512 uti
249 3462 337 3511 ridere
358 3469 399 3512 est
418 3461 487 3526 apud
510 3461 587 3510 Dion.
606 3460 624 3509 l.
636 3473 681 3511 ax.
690 3474 717 3523 p.
789 3458 888 3507 lavirit
902 3456 987 3520 anau]
1013 3457 1092 3519 Vide,
1110 3471 1175 3521 qnos
1195 3455 1286 3505 laudat

186 3541 244 3589 618.
253 3538 297 3604 qui
307 3552 366 3587 eum
374 3530 512 3588 Britannos
521 3538 559 3586 ita
568 3537 659 3585 vicisse
668 3543 719 3585 tra·
755 3533 795 3584 cl.
817 3531 940 3582 Oudend.
961 3532 994 3581 ad
1016 3532 1125 3582 Sooton.
1143 3544 1167 3580 o.
1191 3535 1232 3581 at.
1257 3537 1286 3579 et

187 3613 237 3674 dit,
253 3623 293 3675 ut,
310 3614 360 3663 etsi
379 3613 493 3663 nondum
516 3613 605 3663 consol
623 3609 719 3673 iuerat,
754 3609 797 3659 laic
808 3607 967 3659 Grnuemm.
987 3608 1103 3672 vertero.

187 3689 357 3753 triumphales
378 3690 403 3739 ei
428 3690 538 3739 honoros
554 3695 641 3739 tamea
664 3686 719 3737 dati
787 3683 849 3735 Post
866 3688 965 3733 mortem
982 3687 1127 3733 maeonius
1137 3680 1185 3744 eat]
1201 3681 1285 3731 Fune-

187 3764 250 3827 slnt‚
259 3764 295 3823 id,
307 3763 375 3829 qood
395 3772 486 3815 auctor
506 3765 597 3828 voluit,
610 3778 658 3828 per
669 3764 718 3814 Cn.
756 3768 879 3827 ratusque
890 3769 931 3811 est
950 3761 1049 3812 solenni
1060 3760 1204 3825 principum
1215 3772 1287 3822 pom·

186 3838 306 3889 Sentium
334 3846 361 3888 et
383 3838 416 3889 A.
438 3840 602 3890 Plautium..
613 3874 620 3889 .
633 3838 719 3888 trissa-
756 3850 791 3901 pa
802 3854 809 3888 ι
831 3845 858 3887 st
869 3839 896 3888 in
906 3851 1041 3887 numerum
1051 3836 1159 3886 deorum
1170 3836 1284 3888 ralaim:

185 3913 259 3978 pisas
279 3914 391 3963 celemon
410 3916 475 3978 ogit,
487 3914 612 3963 memoris
622 3914 718 3981 lapsus.
756 3927 833 3978 quem
845 3913 994 3962 honorema
1007 3910 1112 3960 Neroua
1129 3909 1285 3961 destitutum

187 3991 232 4042 Iis
252 3990 335 4040 Sentio
354 4005 402 4055 pro
419 3990 522 4040 floridio
537 3990 616 4039 etiam
627 3986 719 4037 Virum
755 3987 939 4051 abolitumque,
956 3986 1058 4050 reecpit
1074 3999 1134 4036 moa
1150 3983 1287 4050 Vespasia·

188 4067 228 4118 cl.
251 4065 374 4119 Oudeud.
392 4067 426 4117 ad
444 4068 515 4121 duat,
533 4065 625 4118 Claud.
636 4078 661 4115 c·
679 4068 718 4116 17.
755 4076 813 4111 uua.
832 4062 903 4113 Glor.

187 4143 319 4197 manaim
337 4143 422 4211 rideo,
433 4159 509 4212 qoam
526 4145 641 4197 console.
661 4142 718 4193 Ver·
788 4137 856 4190 cas.
866 4141 905 4188 1⁴.
923 4136 1039 4263 {poemat
1050 4136 1192 4203 laicNaera]
1208 4135 1283 4187 Anno

189 4218 260 4285 lapis.
755 4214 859 4267 Domini
869 4219 910 4265 ⁶⁷.
962 4229 1001 4265 ur.
