3017 4859
334 408 515 456 suavius.
537 407 636 456 ursr.
661 374 750 456 nou.
774 407 849 455 uun.
868 407 924 457 rx.
947 395 1078 457 0115.
1192 392 1258 457 479

153 549 281 614 pitolinus
298 550 325 599 in
344 550 493 601 Gordianis.
509 550 577 599 Vide
589 555 684 613 etcsp.
724 549 793 600 rnilis
804 557 854 614 est,
870 552 998 614 ‘peracto
1017 548 1091 612 regni
1106 547 1219 610 blenuin,
1230 554 1259 598 et

153 629 196 675 55.
212 624 441 676 Miscellaneomm
451 626 584 676 Politiani.
605 627 685 677 Visst.
723 626 862 689 impersvit
882 640 983 675 menses
1006 623 1129 688 triginta:
1150 624 1194 674 hic
1215 639 1260 688 pn-

154 701 223 751 Vide
235 717 299 766 quos
309 702 351 752 hic
362 702 452 751 laudnt
463 702 504 752 Cl.
517 702 631 751 (innuet.
724 716 780 750 rum
791 701 852 751 fidei
861 702 1009 751 honesturn
1018 702 1129 751 Doctiss.
1142 701 1258 764 Femina,

187 777 281 840 hrum]
298 777 428 829 Conditor.
446 778 516 827 Glur.
681 807 685 818 ·
725 795 783 845 qrrae
800 781 834 830 nd
850 781 921 843 Epir.
939 780 996 843 ipsu
1012 778 1121 840 futctur,
1142 786 1260 840 tempore

187 852 539 916 Ingestiladorsmapporatu]
556 851 688 902 Exhibits
724 853 816 907 horum
838 856 1028 919 Imperatorum
1052 854 1127 903 iside
1147 853 1259 902 esscob-

155 929 184 978 in
202 929 243 976 lris
264 928 342 990 indis,
361 929 493 992 elephanti
511 942 601 979 xxxu.
619 930 688 978 uices
725 946 809 982 scura.
820 932 889 981 unde
909 939 982 981 recte
1000 944 1128 979 eumcum
1141 927 1259 978 Heurnio

156 1018 185 1056 1.
201 1004 312 1068 tigrides
334 1018 362 1053 x.
386 1005 473 1054 icones
493 1005 620 1054 mausueti
644 1018 687 1054 ιι.
727 1022 743 1056 s
765 1007 805 1056 cl.
823 1007 943 1056 Grunero
961 1007 1045 1054 notari
1061 1012 1161 1068 putem,
1180 1003 1259 1069 quie

155 1080 272 1144 leopardi
299 1081 400 1130 cicures
431 1094 500 1130 xxx.
531 1082 632 1143 hyaenoe
661 1094 688 1131 x.
727 1082 793 1145 Peg.
817 1082 849 1131 nd
872 1082 924 1130 An.
943 1086 1000 1131 251.
1023 1081 1134 1129 Decium
1152 1080 1260 1130 tertium

155 1156 357 1220 hippopotamus
370 1156 585 1205 l.rhinocerosl.
599 1155 688 1205 archo·
726 1158 829 1221 imperii
857 1172 951 1206 unuum
978 1157 1110 1206 inchoasse
1133 1155 1258 1207 ostendit.

156 1231 257 1280 ieautes
278 1245 305 1280 x.
322 1232 524 1294 camelopardali
550 1245 577 1280 x.
596 1231 689 1294 onagri
731 1232 847 1297 Verieyir.

157 1319 208 1356 xx.
225 1307 285 1371 equi
307 1306 356 1355 feri
377 1321 420 1357 u..
437 1308 607 1370 gladiatorum
618 1306 689 1354 mille
761 1309 792 1357 la
806 1308 951 1372 Barbarion]
969 1307 1000 1356 ln
1011 1307 1150 1371 Dardanis,
1161 1308 1188 1356 in
1202 1308 1261 1371 My-

156 1382 238 1445 psrin.
273 1382 420 1431 Gordianus
443 1390 580 1450 minueret
601 1396 632 1430 es
655 1382 689 1431 ud
727 1384 774 1433 sin.
794 1384 863 1432 Glar.
896 1383 961 1445 nau,
975 1384 1043 1447 quod
1061 1398 1119 1433 cum
1130 1383 1261 1434 Godhc.

158 1459 314 1523 triumphum
333 1458 493 1517 Parthicum,
511 1456 556 1507 sed
576 1458 634 1506 Deo
645 1456 690 1505 sti·
728 1467 755 1509 et
777 1459 841 1510 Aur.
859 1461 930 1511 Vici.
943 1462 1014 1524 Epit.
1028 1474 1111 1511 xxix.
1123 1460 1170 1510 sed
1181 1460 1263 1509 inciu-

157 1535 299 1585 terricum.
317 1535 389 1585 Glcr.
607 1575 611 1583 .
729 1551 785 1585 sum
803 1535 876 1585 dedit
897 1537 938 1585 Ci.
950 1551 999 1585 ran
1012 1536 1117 1598 Hercu,
1128 1537 1262 1586 commode

192 1608 299 1672 i'erosoe]
316 1612 477 1660 Venetorum
496 1608 565 1658 urbs.
590 1607 677 1660 Glur..
729 1611 820 1660 abesse
832 1625 918 1675 posse,
939 1612 1007 1676 qnod
1019 1626 1098 1675 suprs
1109 1613 1126 1661 l.
1139 1626 1190 1662 νη.
1202 1627 1225 1662 c.
1236 1616 1262 1661 ii.

190 1686 294 1736 Celti.
317 1687 378 1735 Post
394 1686 435 1735 isos
451 1686 541 1734 Decius
559 1700 576 1733 a
596 1684 690 1732 Panno·
728 1686 772 1735 uiri
785 1685 856 1749 ride,
866 1702 932 1750 qnae·
942 1686 1063 1749 diximus,
1073 1687 1163 1735 endem
1176 1688 1262 1749 eilipsi

156 1761 210 1825 siu]
219 1762 272 1811 Hic
283 1762 380 1810 Decius
394 1763 486 1810 multas
498 1761 609 1810 virtutes
619 1760 691 1810 belli·
728 1776 790 1814 nsns
812 1769 853 1812 est
877 1771 976 1825 auctor,
996 1771 1068 1813 recte
1092 1771 1180 1813 monet
1202 1763 1261 1813 Cel.

158 1852 202 1888 cos
214 1852 244 1887 nc
255 1838 365 1887 honores
386 1838 505 1901 ingentes
523 1852 574 1886 uno
591 1837 691 1886 sceiere
728 1839 839 1890 Gmner.
860 1842 975 1905 Verieylr.

157 1912 313 1979 inquinaris,
324 1912 525 1976 persequutione
541 1911 691 1975 pessimsin
761 1914 899 1980 interjecti]
917 1915 941 1965 Α
960 1917 1074 1979 Scythis.
1096 1917 1166 1966 Giar.
1201 1916 1264 1981 Epi·

159 1989 321 2044 Christisnos
340 1988 490 2037 innocentes
506 1988 631 2050 excitata,
641 2000 693 2051 qun
730 1997 799 2041 tame
813 1991 944 2052 Victorir3
967 1992 1057 2040 ‘inter
1078 1989 1200 2041 confusus
1212 1998 1266 2040 tur-

160 2064 247 2114 dirum
258 2065 424 2113 Lsurentinm
436 2065 496 2127 igue
507 2062 612 2111 exussit
641 2060 693 2114 Sed
729 2066 776 2114 bns
793 2066 896 2129 gurgite
919 2066 1019 2130 puiudis
1041 2067 1188 2116 submersus
1207 2067 1266 2118 est!

159 2142 334 2194 suasinuitos
352 2154 403 2189 uon
425 2139 529 2203 reliquit
540 2139 621 2187 Dens.
654 2138 692 2187 Ut
729 2141 851 2203 Barbari,
872 2143 916 2206 qui
936 2143 1021 2205 ipsum
1038 2143 1063 2190 in
1076 2150 1162 2192 tantus
1175 2157 1266 2210 angus-

160 2219 228 2268 eu'sm
241 2218 387 2282 ‚Philippus
407 2216 572 2280 hypocriseos
601 2229 693 2278 peccu-
732 2215 783 2265 tius
795 2217 947 2280 adegerunt,
959 2216 1065 2270 fuerunt
1076 2217 1212 2281 ληιζόμενοι
1222 2218 1266 2268 ria

160 2301 215 2344 tum
227 2295 284 2354 luit,
294 2295 330 2343 itu
341 2294 383 2343 hic
394 2293 497 2342 inuidiae
515 2299 542 2341 et
554 2291 693 2342 crudetiu·
730 2292 860 2355 Βόσπορον,
876 2294 1039 2356 Bmpaaorrarn
1056 2296 1176 2357 regionem
1189 2310 1266 2359 popu·

161 2371 195 2422 tis
214 2371 336 2421 ultionem
360 2385 410 2420 nnn
431 2367 531 2432 effugit.
550 2370 642 2421 iustus
653 2376 694 2418 est
730 2372 919 2422 insteazousr.
941 2373 1001 2420 cett.

160 2445 693 2511 usuariasusqueqnantumvianannnn·
764 2447 833 2496 Inter
854 2447 931 2496 Dinon
956 2447 1038 2510 relata]
1066 2447 1168 2509 Lectio,
1188 2461 1265 2511 quum

162 2539 237 2594 quam
254 2523 371 2576 homines
385 2536 430 2570 nos
443 2520 597 2583 praedicent.
615 2520 694 2577 Por·
730 2523 944 2586 ubisoncensi.
966 2524 1039 2574 Leid.
1063 2529 1086 2574 l.
1107 2523 1219 2573 Schnnh.
1238 2531 1266 2575 et

161 2615 190 2650 rc
204 2601 279 2650 Decii
296 2598 358 2660 duo,
369 2605 445 2661 pater
456 2604 484 2645 et
496 2595 572 2657 iilius,
583 2595 693 2657 imperio
730 2599 798 2648 Mer.
816 2599 931 2648 occurrit
948 2599 1042 2648 iterum
1051 2614 1075 2648 c.
1090 2604 1129 2649 15.
1151 2599 1159 2646 t
1172 2599 1267 2649 meruit

161 2683 222 2726 snut
242 2675 319 2738 potiti
338 2687 404 2723 suno
419 2671 514 2721 Christi
536 2676 594 2719 252.
622 2671 692 2719 Glar.
731 2688 833 2740 quoqne
846 2675 1006 2724 interDivus
1018 2673 1128 2723 referri!
1153 2674 1203 2723 Sed
1216 2688 1264 2738 pro

162 2753 281 2804 Nummio
307 2757 336 2801 et
361 2749 534 2812 inscriptione
556 2747 693 2796 Feltrieusi
730 2752 771 2800 his
782 2753 808 2800 in
821 2750 917 2801 Aldine
931 2759 1043 2816 utruque
1055 2750 1104 2800 Ed.
1116 2757 1145 2799 et
1156 2749 1267 2800 Junriuu

162 2827 232 2892 npud
244 2829 351 2879 Gruter.
371 2842 398 2891 p.
416 2829 474 2874 275.
492 2831 532 2874 est
547 2838 572 2874 c.
583 2836 693 2873 messius
731 2826 820 2888 hohas,
832 2841 889 2890 quta
899 2841 914 2874 n
926 2826 1035 2878 Disconi
1042 2839 1119 2875 runnu
1129 2823 1265 2888 profecte:

163 2917 284 2959 uururus
300 2914 443 2953 moruus
461 2912 568 2949 nmine.
587 2899 645 2947 Ceti.
732 2906 739 2931 ‘
752 2900 886 2952 interfecti
899 2908 975 2951 snut:
987 2915 1002 2950 e
1012 2902 1105 2967 quibua
1113 2900 1200 2950 senior
1209 2915 1268 2965 gur-

195 2979 317 3041 Buiulioe]
334 2977 454 3039 Budaiioe,
469 2983 543 3025 retus
554 2974 627 3024 iiber·
656 2974 695 3023 Vi·
732 2979 788 3043 gite
799 2978 902 3042 pnlndis
913 2979 1047 3028 immersus
1059 2985 1115 3028 cst:
1127 2978 1166 3027 its
1176 2985 1206 3028 ut
1217 2992 1268 3028 uec

161 3062 209 3110 set.
243 3057 344 3106 Bibelin
355 3060 431 3103 vocnt
449 3052 616 3111 Ptolemaeus,
625 3051 695 3099 iuter
732 3057 844 3106 cederes
855 3056 913 3120 ejus
925 3054 1042 3119 potuerit
1053 3055 1161 3104 inveniri
1174 3070 1181 3102 r
1199 3054 1267 3118 [huc

161 3133 240 3183 Ssum
268 3145 298 3181 uc
313 3130 473 3181 Danubium·
502 3127 573 3176 Giur·
606 3126 694 3177 Aurei·
732 3132 838 3183 historin
858 3131 1005 3195 confirmet]
1030 3131 1107 3195 digno
1133 3130 1267 3180 damustns

163 3208 270 3258 Victor:
296 3204 577 3270 ι8111111111111111100
604 3201 694 3252 orius-¹
728 3208 897 3274 judicin,qni
917 3208 1125 3271 persecutionem
1141 3206 1167 3254 in
1183 3206 1269 3255 Chris·

162 3283 275 3334 Budalia
287 3280 464 3346 perdscrihit
478 3277 594 3341 Burdeg·
621 3279 695 3327 Fuld·
733 3286 816 3334 uanos
827 3282 1269 3346 movens,intercaetcrnsireatissi·

163 3366 192 3409 et
210 3359 340 3408 Grecos:
366 3356 449 3406 celeri
470 3355 578 3404 namna
603 3368 650 3419 per
672 3353 695 3405 1.
733 3375 801 3409 mum
824 3361 991 3409 Laurentium
1019 3361 1137 3409 Leritnm
1155 3365 1183 3408 et
1199 3373 1269 3408 msr·

164 3425 230 3486 ccii.
262 3434 315 3482 Sed
328 3433 410 3482 11111112
422 3431 502 3486 lectio
513 3432 619 3480 melior:
638 3430 696 3479 vide
733 3436 1026 3500 tyremigneexcoxitl
1051 3436 1169 3499 Verityk.
1211 3469 1217 3478 .
1262 3459 1266 3468 ·

163 3511 198 3562 ud
219 3510 353 3560 laudatam
375 3508 502 3559 Antonin.
520 3508 582 3557 itin.
600 3510 696 3570 11218.
766 3512 834 3560 Cae.
854 3516 879 3560 5.
899 3511 984 3559 Gallus
1004 3510 1168 3574 Hostiliorum]
1191 3508 1268 3559 Anno

170 3587 287 3650 valeys.
625 3629 627 3634 .
734 3584 1270 3637 (3111111251.111158111111511111111·

197 3662 287 3712 susm
296 3660 376 3725 uuor]
404 3660 484 3724 Cujus
499 3658 595 3707 nummi
607 3655 697 3721 prufe-
734 3667 777 3714 thr
792 3662 996 3712 lineamina
1015 3665 1101 3712 vocnt.
1136 3662 1267 3710 Ceterum

155 3747 228 3794 sunt
248 3752 276 3792 e.
291 3751 359 3788 usn.
378 3750 441 3786 mn.
459 3747 533 3785 usse.
552 3748 613 3784 nse.
631 3747 696 3783 uon.
734 3739 907 3789 Hostilinuum
934 3738 1099 3800 Perpennam
1127 3749 1142 3783 s
1168 3734 1268 3784 Senatu

163 3832 190 3867 c.
212 3817 262 3866 hoc
283 3825 333 3878 est,
351 3817 384 3867 Q.
405 3813 551 3864 Herennius
571 3813 696 3862 Etruscus
734 3815 918 3879 impensiorem
931 3820 1056 3874 cresium,
1071 3809 1114 3875 qni
1126 3824 1176 3858 nnn
1187 3810 1268 3859 multo

166 3895 281 3946 hicesius
293 3895 391 3948 Decius
399 3893 459 3943 noh.
472 3892 569 3942 Caesnr.
588 3892 647 3940 Geli.
735 3899 793 3953 post
805 3889 954 3954 pestilentie
965 3893 1133 3950 consumptus
1151 3883 1267 3934 diciturr

200 3972 261 4020 Crass
280 3970 373 4030 biennio
392 3970 442 4031 ipse
459 3967 573 4033 etfllisr]
590 3967 697 4016 Rectius
734 3966 861 4029 Egnatius
889 3972 989 4013 tuntum
1012 3961 1136 4021 Gallum
1158 3960 1272 4024 Pompo·

166 4045 277 4112 prolude
286 4045 345 4095 cod.
357 4053 445 4094 noster
456 4057 496 4094 nc.
509 4045 570 4092 Cum
582 4058 698 4092 soacens-
734 4042 791 4091 uius
803 4043 891 4090 Laetns
901 4039 1094 4104 'l‘rehauisurrm
1111 4037 1215 4086 (lulium
1227 4050 1271 4085 ru·

163 4123 228 4186 plato
243 4120 336 4170 biennia
350 4121 508 4182 imperassent.
525 4118 625 4167 ileum.
649 4118 698 4167 liii·
735 4124 778 4167 cst
789 4133 795 4165 :
807 4116 850 4165 hic
861 4115 894 4165 nh
903 4115 995 4165 eodem
1004 4115 1077 4164 Luto
1087 4111 1183 4161 dicitnr
1194 4108 1271 4160 Decii

166 4213 221 4261 ror,
232 4198 300 4247 unde
310 4197 420 4264 Victori,
429 4193 474 4259 qni
485 4193 553 4258 quod
564 4193 628 4241 elius
640 4207 698 4242 rara
734 4190 853 4255 proditor
874 4188 964 4249 inisse,
985 4186 1108 4236 sdversus
1119 4186 1230 4249 Scythes
1241 4184 1269 4233 in

167 4275 275 4343 sceldii,
286 4276 314 4327 iu
325 4276 393 4327 Ces.
412 4280 441 4324 et
457 4272 587 4338 Epitsui
599 4270 656 4323 sere
666 4270 699 4321 sl·
736 4267 842 4334 Mysis:
860 4267 1012 4333 quibuscum
1030 4270 1124 4329 postes
1138 4260 1224 4312 sudus
1233 4259 1271 4324 lg·
