3017 4859
502 405 507 418 .
574 358 807 422 ndraorn.
924 411 928 421 .
1197 359 1263 454 ⁶⁸⁸,

595 552 831 614 nrsrnmca.
847 511 852 524 ’

167 662 240 724 1561
264 663 443 743 Antverpiae,
465 673 494 726 8.
510 665 669 745 Hiapaoioe
684 686 785 727 remur
799 666 911 746 prodiit
926 668 1084 746 Eutropiou
1098 667 1259 748 interprete

206 761 256 820 lo.
271 759 401 820 Martiae
416 759 657 822 Cerdone-De
682 761 740 822 ulia
763 762 862 823 limati
885 762 1018 828 Lusitani
1042 763 1174 825 tertioue
1200 763 1260 824 rid.
1385 821 1387 828 ,
1412 821 1416 830 .

207 857 375 918 Brrtoloori
390 857 466 917 bibl.
482 856 677 918 Rabbiuioam
689 858 728 919 T.
744 876 767 919 r.
782 878 850 938 pag.
865 857 935 929 869.

614 1004 818 1065 ANGLICAE.

170 1107 247 1173 1564
267 1111 402 1185 Loudou,
417 1123 445 1176 8.
460 1115 629 1195 Eutropius.

170 1215 246 1275 1788
267 1208 404 1282 london,
418 1218 447 1274 8.
459 1211 630 1290 Eutropius,
645 1212 711 1273 Lat.
725 1210 785 1271 eud
801 1212 887 1292 Engl.
904 1214 944 1293 by
957 1215 987 1276 J.
1002 1212 1119 1276 Clarlre.

170 1301 246 1459 17ξο
259 1302 403 1462 ffldou,
418 1314 447 1367 8.
460 1307 629 1387 Eutropius,
644 1306 712 1382 Lat.
726 1307 784 1368 and
800 1309 885 1388 Eugl.
900 1309 970 1369 with
985 1309 1079 1384 Notee
1093 1308 1151 1372 aud
1165 1307 1258 1370 Index

227 1419 247 1479 y
330 1420 403 1464 mer.

485 1563 489 1574 ’
618 1542 803 1608 lTALlOAE.

165 1665 246 1719 1544
264 1658 396 1732 Venetia,
412 1668 439 1721 8.
456 1659 620 1720 L'Historie
633 1659 807 1740 d’Eutropio
821 1659 859 1720 de
872 1661 982 1722 levite
995 1669 1028 1722 et
1041 1659 1118 1722 Fatti
1130 1660 1168 1720 de
1188 1662 1259 1721 tutti

205 1754 416 1836 gl'lmperutori
425 1756 559 1830 Romani,
573 1756 702 1817 tradotte
717 1756 748 1817 di
762 1757 868 1818 Latino
881 1758 1034 1837 inlengua
1047 1756 1179 1818 ltalinua.
1200 1757 1259 1818 Ve-

201 1853 289 1925 netia,
304 1873 355 1932 per
369 1853 497 1914 Miobele
508 1853 710 1913 Tramezzino.

167 1958 245 2010 1548
265 1950 399 2023 Venetia,
419 1959 448 2011 8.
469 1950 630 2010 L'llirtorie
643 1948 675 2007 di
696 1949 790 2010 Paolo
803 1947 939 2009 Diacono
963 1947 1134 2028 regnantia
1162 1948 1258 2025 quelle

205 2045 391 2125 d'Eutropio,
419 2045 457 2104 de
480 2045 492 2103 i
516 2042 583 2105 fatti
609 2042 656 2103 de’
685 2043 811 2104 Romani
837 2044 1017 2123 Imperatori.
1057 2041 1202 2102 Trudotte
1227 2041 1258 2102 di

205 2140 311 2201 Latino
324 2141 353 2201 in
367 2140 493 2201 ltrliauo
504 2139 557 2215 (da
569 2136 735 2199 benedetto
749 2139 823 2218 ligio
835 2138 874 2199 da
890 2139 1029 2218 Spoleti.)
1049 2137 1182 2211 Venetia,
1205 2157 1257 2217 per

204 2236 334 2299 bliobele
346 2236 553 2298 Trameariuo.

75 2865 79 2870 ’
163 2845 475 2933 Brronrrnoaun
489 2865 665 2931 Receuens
677 2865 832 2930 exhibuit
840 2863 955 2929 lectori
964 2862 1165 2929 notabiliora
1176 2883 1253 2948 qnae

161 2972 326 3055 portinent
340 2970 383 3036 ad
397 2967 559 3033 editiones
572 2965 739 3051 Eutropii,
754 2966 828 3031 eive
849 2983 925 3030 cum
947 2965 1085 3030 oliorum
1105 2965 1254 3031 historiis

162 3072 376 3157 conjunctim,
397 3071 469 3135 sive
490 3070 667 3154 separatim
687 3068 806 3136 editas.
849 3068 1121 3153 supplementum
1141 3070 1253 3154 quale·

162 3193 319 3259 cumque,
341 3172 523 3257 interjectis
544 3170 643 3235 simul
664 3171 816 3254 pauculis
836 3172 872 3236 in
894 3171 1095 3256 Bipontinos
1114 3180 1253 3239 annota-

161 3278 319 3355 tionibus,
335 3294 422 3340 nuno
442 3274 479 3338 in
498 3272 611 3339 ordine
631 3291 694 3338 auo
712 3274 951 3359 subjungimus.
995 3273 1159 3359 Eutropii,
1174 3295 1253 3341 oon·

157 3378 303 3457 litamur,
327 3377 475 3443 historiae
496 3379 625 3440 tantum
643 3382 697 3441 est
717 3374 884 3458 Epitome,
905 3382 1063 3443 attamen
1087 3378 1253 3443 nubilissi-

161 3500 227 3545 mae
256 3471 367 3563 gentis'
394 3478 571 3553 Romanae,
604 3483 846 3561 proptereaque
874 3478 1014 3542 multum
1046 3477 1252 3545 aestimanda.

161 3581 278 3665 Styluu
296 3588 349 3645 est
369 3579 509 3656 tenuior,
529 3585 565 3643 et
586 3579 752 3662 sequioris
773 3579 839 3644 aevi
860 3579 1071 3645 [atimtatem
1086 3581 1196 3663 sapit3
1218 3588 1254 3647 at

158 3685 263 3750 simul
271 3684 1251 3769 miraperspicuitatenitot,saepeeliamnonsineelegantiu.

157 3786 260 3852 Vidit
282 3787 393 3863 etiarn,
414 3805 460 3850 ex
481 3787 523 3850 iis
548 3806 624 3869 qnoe
637 3786 720 3870 ‘jam
742 3786 906 3871 praedicta
930 3794 1021 3866 snut,
1039 3789 1154 3866 lector,
1175 3793 1252 3854 tox-

160 3897 236 3954 tnm
251 3887 556 3970 interpolationibus
568 3888 706 3952 multum
720 3888 823 3952 luisse
837 3891 1110 3969 contaminatum,
1125 3898 1159 3956 et
1172 3891 1252 3957 alle·

158 3993 214 4057 nis
229 3990 529 4080 continuationibus
541 3997 687 4053 auctum.
732 3990 820 4054 Haeo
833 3991 975 4056 monitos
989 3995 1167 4059 aestimabit
1181 3997 1252 4061 edi·

160 4095 266 4158 tiones
280 4092 443 4177 ejusdem,
456 4110 523 4155 uon
537 4090 716 4156 seeundum
733 4091 992 4176 Prolegomenen
1014 4096 1252 4176 longitudinem

160 4200 196 4259 et
208 4195 455 4259 annotationum
470 4194 720 4273 multitudinem,
730 4194 791 4259 aed
805 4197 981 4261 secundum
997 4200 1148 4264 codicum
1164 4181 1253 4282 puri·

158 4300 263 4364 tutem
285 4302 320 4361 et
342 4301 455 4362 textus
477 4314 499 4361 a
519 4295 730 4364 Sohonborio
751 4297 1036 4383 aliisque-criticis
1065 4322 1146 4368 arec.
1170 4311 1252 4364 xvr·
