3017 4859
671 367 753 417 cur.
778 367 836 416 ιιι.
1244 351 1288 416 11

184 510 355 600 pterim
373 510 419 576 ud
445 517 561 594 partes
585 506 816 590 Hunbergeri,
846 506 1055 591 gravioribus
1079 511 1194 576 umen·
1215 525 1290 573 mo-

183 615 307 680 nentis
329 615 509 696 impulsus.
555 611 703 676 Primum
726 615 813 676 enim
829 629 931 676 causa
942 608 1093 692 epistolae
1109 607 1151 672 sd
1169 608 1287 674 Eutro-

184 717 277 801 pium
291 717 324 779 iu
342 711 479 781 Codice
509 716 567 779 ilio
581 723 714 796 spectat
735 713 768 778 N
772 714 889 778 icaenae
915 712 993 778 fidei
1011 713 1292 784 sustentationem,

183 823 346 900 etpruvre
357 817 530 888 -reiisiouis
555 815 795 897 dejectionem
828 835 872 878 ex
886 833 954 898 quo
967 813 1116 887 efficitur,
1129 813 1218 892 quod
1234 819 1293 876 ta·-

182 939 257 983 meu
280 920 416 985 dubium
439 927 503 994 est,
526 917 723 999 Eutropium
746 903 910 994 grandiori
933 919 1031 981 estate
1052 914 1093 980 ad
1119 915 1286 994 roligionis

183 1019 386 1087 Christianus
402 1034 501 1085 sacra
514 1041 550 1084 se
561 1022 784 1084 convertisse.
809 1018 985 1082 ‘Succedit
1008 1017 1074 1080 aliu
1095 1014 1284 1092 difficultas,

182 1142 281 1207 quum
298 1124 418 1208 objicit
431 1124 589 1206 temporis
604 1124 697 1186 ratio.
742 1121 868 1186 Narrat
878 1122 965 1184 enim
979 1118 1189 1201 Anonymus‘
1214 1117 1282 1194 ille,

182 1224 380 1307 Eutropium
403 1229 564 1302 nostrum,
590 1226 647 1306 qui
669 1221 840 1287 Juliuuum
864 1223 1044 1287 comitatus
1066 1229 1137 1285 erut
1157 1220 1201 1284 ud
1214 1219 1284 1284 bel·

180 1326 253 1391 ium
275 1326 462 1403 Persicum,
488 1346 563 1389 cum
585 1325 660 1388 aliis
684 1325 884 1408 quibusdam
907 1329 1063 1390 accurate
1080 1321 1281 1405 exposuisse

181 1427 224 1491 de
251 1426 561 1509 Gorrstantiuopolis
595 1428 832 1503 exstructione,
862 1434 898 1491 et
929 1445 1093 1510 exponere
1120 1426 1283 1508 potuisse,

180 1530 262 1614 quia
273 1530 373 1593 fuerit
383 1528 481 1606 θεατὴς
494 1528 544 1590 καὶ
555 1528 697 1615 συνίστωρ
709 1535 764 1592 τῶν
777 1528 841 1591 τότε
855 1526 1047 1616 πραχθέντων.
1092 1528 1136 1592 Et
1150 1527 1200 1592 sic
1216 1525 1288 1591 Gt)-

180 1627 294 1694 dinus*
319 1630 517 1713 Eutropium
530 1630 672 1707 αὐτόπτην
687 1638 742 1693 τῶν
754 1637 907 1705 τηνικαῦτα
924 1628 1104 1717 πραχθίπων
1114 1630 1219 1693 fuisse
1227 1627 1286 1692 uf-

178 1731 299 1797 firmet.
341 1732 469 1797 Eodem
492 1753 574 1798 vero
596 1743 744 1818 ternpore
763 1734 980 1798 Constantino
1006 1733 1056 1797 Μ.
1070 1734 1112 1796 ab
1128 1731 1281 1815 epistolis

178 1833 283 1898 tuisne
294 1834 435 1912 videtur,
450 1835 541 1919 quic,
565 1835 644 1899 dum
664 1837 813 1918 singulos
835 1837 924 1900 itlius
943 1838 991 1901 rei
1006 1842 1117 1912 testes,
1132 1854 1216 1918 quos
1230 1852 1280 1895 re·

180 1940 329 2012 consent,
350 1937 421 2000 sois
440 1938 656 2019 dignitatibus
675 1939 866 2022 insigniunt,
881 1940 971 2002 illum
987 1944 1097 2002 nostro
1119 1939 1281 2002 tribuunt.

179 2037 281 2116 Quod
290 2040 435 2119 eiigitur
450 2038 637 2122 Eutropius
651 2048 762 2105 noster
777 2061 863 2105 anuo
875 2041 951 2117 330,
963 2060 1032 2123 quo
1047 2038 1283 2104 Constantino·-

176 2140 287 2225 polim
299 2139 468 2204 conditum
483 2159 557 2203 esse
567 2146 710 2219 comtet,
722 2162 881 2208 annorum
893 2144 955 2206 suit
969 2143 1024 2218 30,
1040 2140 1130 2226 quod
1146 2139 1281 2222 quidem

176 2242 256 2326 poni
287 2243 460 2306 commodo
481 2244 617 2324 poterit,
637 2243 726 2321 inde,
750 2246 876 2308 omisso
903 2262 1042 2307 numero
1072 2241 1277 2317 centenario,

174 2345 251 2410 haec
264 2345 377 2409 setstis
402 2343 478 2426 ojus
501 2344 586 2407 ratio
611 2344 713 2408 focile
737 2347 873 2409 existit:
905 2345 1084 2427 Eutropius
1099 2342 1278 2426 proconsul

175 2445 274 2510 Asiae
289 2452 388 2510 nutus
402 2445 465 2510 fuit
483 2465 590 2509 anuos
603 2446 658 2518 73.
683 2446 866 2531 proesectus
880 2448 1037 2529 praetorio
1048 2464 1154 2509 anuos
1170 2446 1224 2509 til.
1240 2452 1280 2508 et

174 2549 206 2612 si
231 2546 319 2612 idem
340 2549 458 2611 consul
479 2545 543 2611 fuit
564 2548 600 2610 in
622 2545 758 2611 Oriente
779 2568 811 2612 a.
833 2546 912 2613 387.
940 2567 1016 2614 cum
1040 2547 1278 2611 Valentnieuo

175 2665 234 2714 ιιι.
245 2654 280 2713 et
293 2655 374 2731 post
386 2648 503 2714 ⁸399,
518 2649 569 2710 uti
579 2654 676 2730 putat
690 2647 939 2728 Gottiofredus,i
969 2670 1041 2714 eam
1057 2654 1187 2715 oetatem
1202 2648 1278 2712 atti·

173 2752 234 2832 git,
250 2769 328 2833 quae
343 2758 376 2815 et
390 2752 467 2833 ipsa
480 2757 532 2814 est
554 2750 701 2829 insolita,
724 2761 758 2816 et
785 2753 991 2816 sustinendis
1007 2752 1151 2833 negotiis
1176 2750 1278 2833 plone

172 2853 292 2937 imper.
336 2852 523 2916 Miscentur
542 2853 645 2932 igitur
665 2854 716 2917 sic
738 2855 863 2917 diversi
888 2854 1051 2937 Eutropii,
1066 2861 1101 2918 et
1115 2854 1149 2916 in
1175 2870 1276 2915 unum

173 2963 405 3036 congeruntur,
420 2974 497 3038 quae
507 2953 618 3037 plures
634 2956 700 3018 sibi
714 2963 804 3020 recte
818 2956 998 3021 vindicant.
1030 2953 1130 3033 Quod
1145 2954 1275 3017 sienim

171 3056 277 3136 detur,
299 3065 445 3152 nostrum
463 3058 564 3122 fuisse
586 3058 683 3124 Asiae
703 3063 987 3144 proconsularem,
1014 3063 1072 3126 rix
1096 3067 1205 3125 tamen
1227 3055 1271 3121 ad

171 3159 267 3224 illurn
290 3161 432 3242 pertinet
455 3160 654 3243 praefectura
686 3164 856 3245 proetorio,
879 3164 983 3228 multo
1005 3164 1114 3225 minus
1135 3167 1273 3243 uterque

172 3263 377 3340 consulatus,
402 3281 498 3345 qtrern
522 3264 606 3326 mute
633 3263 807 3328 confundit
830 3264 1069 3341 Gothot'redus,
1094 3270 1130 3326 ut
1157 3268 1274 3347 contra

169 3362 266 3427 iilum
294 3358 475 3429 docuerunt
502 3365 758 3431 'tillemontiusJ
777 3376 811 3432 et
835 3363 1009 3433 Ritterus.¹¹
1052 3363 1161 3443 Quem
1185 3364 1274 3426 euim

171 3462 353 3528 Consulem
369 3485 402 3529 a.
419 3464 458 3530 Ο.
473 3465 550 3531 399.
586 3466 737 3533 Arcadio
760 3470 943 3553 imperante
963 3467 1151 3552 producunt
1165 3464 1272 3546 scrip·

170 3571 271 3645 tures,
287 3565 353 3630 suit
366 3568 397 3631 is
411 3564 594 3633 Eunuchus
609 3570 664 3635 ille
687 3571 955 3650 scelestissimus,
971 3572 1002 3635 iu
1020 3588 1120 3653 quem
1134 3565 1273 3649 scripsit

201 3919 212 3955 r
320 3955 324 3960 .

201 3925 399 4065 tlitle'zs'ntiqu.
417 3999 585 4060 ,cunetatio
607 4001 652 4053 tib.
677 4014 699 4052 r.
741 3926 899 4050 c'liniunt
916 3998 963 4049 des
985 3998 1143 4062 Erupereurs
1161 3997 1271 4048 Tum.

166 4079 274 4202 p-pm
282 4150 376 4216 origin
389 4152 525 4204 &moue
536 4157 599 4217 pt.
738 4079 1003 4218 ulna-pm.
1029 4149 1096 4204 cut.
1122 4149 1219 4203 tuot.
1244 4165 1271 4216 p.

200 4225 254 4276 ¹Iu
283 4241 435 4292 prosopogr.
466 4228 532 4279 oue.
565 4228 697 4281 Theodec.
738 4232 779 4283 tr.
