3017 4859
260 349 282 415 2
711 357 907 410 arrarum.

256 512 292 572 et
313 505 436 587 ingenii
458 506 506 570 tui
520 503 683 581 celeritas,
697 503 821 585 quippe
837 500 915 566 dom
931 500 1047 566 altiora
1059 501 1162 583 potis,
1177 497 1356 564 humiliora

257 609 324 673 ista
348 609 416 671 cito
441 607 635 689 pervolasti.
681 604 800 688 Neque
816 609 924 667 tamen
948 622 991 667 θα
1013 602 1137 678 omnia,
1152 602 1356 685 qualiacum-

257 729 322 792 que
338 710 414 784 siut,
429 707 559 789 perdita
573 707 673 782 duco,
691 706 896 769 uuuuuruu
911 705 1180 768 Suanurssruu.
1214 701 1354 766 Ereuiet

258 819 390 892 tempus
417 809 511 883 iilud,
537 827 612 870 oum
635 826 675 870 ea
698 826 792 869 usum
820 807 965 889 aliquem
988 810 1146 888 praestent
1173 803 1283 885 Regio
1298 801 1357 867 In·

257 910 352 987 santi,
379 911 435 994 qui
458 909 669 991 vicaonis,
683 905 807 988 Matris
839 926 859 969 e
884 906 1164 990 gremioteneras
1188 906 1358 988 porrigens

257 1032 387 1090 manus,
413 1011 455 1074 ad
482 1010 532 1073 Te
558 1007 654 1074 dulce
678 1011 749 1073 risit
774 1009 967 1072 semihiante
991 1008 1135 1086 tabelio;
1157 1005 1283 1083 divino,
1310 1006 1373 1070 in·-

258 1133 368 1198 quam,
392 1112 442 1175 ilii
458 1132 573 1193 puero,
589 1132 697 1195 quem,
711 1118 748 1175 ut
765 1113 843 1175 oliui
858 1111 918 1175 tibi
937 1109 1038 1174 Musa
1052 1117 1164 1174 nostra
1178 1107 1311 1184 cecinit,
1337 1126 1357 1171 o

258 1214 420 1280 thesauris
441 1215 513 1278 suis
535 1213 652 1277 eduxit
668 1210 936 1294 DeusOptimus
952 1211 1136 1289 Maximus,
1152 1216 1188 1275 nt
1202 1207 1361 1275 ostendat

257 1334 295 1379 se
321 1316 409 1396 genti
432 1315 609 1377 Borbouiae
635 1333 697 1377 uec
723 1320 830 1375 metas
855 1333 962 1377 rerum
982 1332 1044 1376 nec
1060 1310 1209 1396 tempora
1223 1328 1359 1396 ponere.

261 1415 382 1480 Omnia
394 1418 551 1478 virtutum
566 1417 694 1478 semina
706 1414 887 1478 Borbouiis
902 1415 1141 1496 ingenerantur,
1153 1413 1359 1479 Dabimus

260 1516 531 1592 suueurssrurr,
558 1515 618 1579 sod
633 1535 675 1579 ea
689 1516 788 1579 rectis
803 1503 948 1580 cultibus
963 1523 1000 1579 at
1014 1515 1165 1597 augenda
1190 1521 1224 1579 et
1248 1532 1360 1579 corro-

259 1617 422 1680 boranda:
440 1636 543 1702 quare
556 1616 678 1695 Musae,
689 1617 882 1701 junctaeque
895 1616 1004 1680 Musis
1019 1615 1160 1694 Gratiae,
1176 1635 1198 1680 a
1211 1614 1261 1679 Te
1275 1613 1359 1678 illud

261 1722 450 1799 expectant,
463 1724 500 1782 ut
514 1718 638 1781 almum
658 1724 752 1782 tuum
774 1717 975 1801 Burgundiae
995 1717 1122 1782 Ducem
1141 1718 1191 1781 eis
1214 1716 1360 1781 educan-

262 1816 340 1880 dum
367 1817 515 1895 mandes,
530 1818 649 1896 donec,
672 1822 852 1902 postquam
875 1838 986 1882 earum
1012 1839 1079 1901 ope
1103 1819 1217 1883 felices
1241 1823 1360 1882 auctus

262 1920 400 2001 ceperit,
414 1925 484 1983 tute
498 1939 575 1984 eum
590 1920 755 2003 exemplis
768 1922 833 1985 tuis
850 1921 1009 1998 iustmas‚
1026 1940 1202 2003 veramque
1228 1918 1360 1984 virtutis

261 2020 349 2082 mam
363 2019 518 2097 edoceas,
534 2040 602 2103 qua
616 2029 649 2086 et
662 2021 712 2084 Te
736 2025 771 2085 et
785 2020 899 2084 Arum
913 2040 1009 2084 suum
1024 2021 1195 2103 sequendo
1212 2021 1255 2088 ad
1270 2039 1359 2083 sum·

260 2137 352 2183 mum
366 2120 481 2200 gloriae
496 2120 662 2202 fastigium
677 2121 843 2186 evehatur.
888 2121 991 2186 Faxit
1003 2123 1109 2200 Deus,
1122 2127 1158 2187 ut
1170 2142 1235 2186 non
1250 2121 1360 2185 solum

260 2219 339 2284 Tibi
353 2227 387 2284 et
398 2220 627 2287 Invictissimo
639 2220 717 2287 Avo
732 2242 798 2310 suo
812 2224 931 2288 similis
947 2225 1003 2301 sit,
1016 2224 1074 2287 sed
1090 2225 1191 2288 etiam
1207 2231 1243 2288 ut
1251 2222 1360 2288 Vobis
1473 2247 1476 2252 ¹

261 2321 404 2387 similem
425 2324 613 2406 progeniem
630 2323 696 2400 det,
723 2324 784 2402 ita,
807 2323 885 2388 dum
905 2325 1044 2414 reliquae
1069 2345 1182 2389 omues
1198 2322 1360 2389 Nationes
1400 2393 1402 2395 ,

260 2423 430 2489 hominum
451 2425 614 2508 imperata
637 2425 748 2490 facero
773 2425 983 2506 videbuntur,
1008 2428 1071 2491 soli
1086 2426 1272 2492 Galliarum
1299 2446 1360 2511 po·

259 2524 344 2607 puli,
369 2543 406 2587 se
430 2544 496 2589 uon
521 2525 713 2592 hominibus
748 2548 877 2612 parere,
915 2529 974 2592 sed
999 2530 1086 2593 reris
1110 2528 1273 2611 Regibus,
1301 2529 1360 2613 qui

261 2626 372 2692 Deum
385 2627 421 2689 iu
435 2627 530 2691 terris
545 2628 721 2708 imitentur,
736 2632 964 2715 obtemperare
986 2635 1021 2696 ot
1035 2631 1223 2696 fatebuntur
1237 2636 1270 2696 et
1285 2650 1361 2695 seu·

259 2728 351 2793 tient.
395 2728 493 2806 Vale,
508 2729 713 2795 Duarurus
729 2731 1002 2811 Ssunrussuua,
1017 2738 1053 2797 et
1066 2732 1154 2798 rive.

325 2879 428 2929 Lutetia
441 2879 587 2929 Parisiorum
603 2879 686 2931 Idibus

287 2999 290 3006 ,
389 2960 515 3012 Decembr-
531 2964 609 3012 1⁶02.
