3017 4859
243 380 287 452 ta
664 398 712 446 nn
737 398 924 447 nunnorro

242 545 333 610 “W
345 540 484 618 Vidflfflft
496 540 531 606 si
544 540 872 620 vemgusenhaerere
893 541 1012 617 liceat,
1026 544 1109 622 qaae'
1119 538 1342 622 snpffiffl.

134 641 141 652 ¹
233 645 331 726 debui.
399 642 617 726 conjungitur
641 642 728 706 enim
763 642 796 704 in
817 641 933 705 eadem
958 659 1070 704 eausa
1087 660 1108 703 a
1126 637 1344 722 Geographo³

243 743 438 812 Rauennate
460 763 537 810 cum
556 744 787 825 scriptoribus,
804 745 863 826 qui
883 744 974 808 circa
993 743 1080 807 idern
1101 748 1232 824 tempus
1248 743 1343 806 uine

241 852 347 914 runt..
389 846 560 912 Medicum
593 851 704 910 autem
733 846 875 910 eundem
903 866 990 920 esse,
1019 863 1119 928 quem
1140 843 1344 908 ,Μαιοιιίῑιιιιο

241 945 279 1017 iu
303 947 499 1030 prefatione
523 948 564 1011 de
586 948 839 1014 medicamentis
864 948 1034 1030 empiricis
1060 954 1232 1022 memorat,
1254 945 1345 1010 nulla

241 1048 361 1115 idonea
379 1053 505 1116 ratione
526 1052 633 1115 oviuoi
658 1057 781 1134 potest,
802 1054 865 1114 etsi
893 1049 1075 1114 Carnarius
1096 1049 1131 1112 in
1152 1047 1345 1131 praefatione

243 1149 378 1216 minime
392 1151 622 1234 refragandum
636 1159 748 1235 putat,
766 1158 939 1228 annuente,
955 1149 1045 1215 cert'e
1059 1169 1126 1213 non
1139 1149 1344 1225 adversante,

242 1250 396 1342 Vossiol’
449 1253 570 1336 Neque
605 1259 717 1318 tamen
740 1254 795 1318 vel
822 1255 884 1331 sic,
909 1255 939 1318 si
964 1253 1054 1318 idem
1076 1252 1142 1317 fuit
1163 1251 1346 1336 Eutropius

239 1359 361 1432 nester,
371 1373 413 1420 ea
426 1356 540 1438 opinio
552 1356 657 1420 astrui
666 1355 742 1419 inde
755 1360 875 1438 puteat.

692 1556 797 1622 CAP·
831 1556 896 1622 VI.
944 1603 952 1614 .

460 1724 508 1771 DE
536 1723 712 1773 EU'PROPll
737 1724 920 1771 lllSTORlA
945 1721 1120 1773 ΒΟΜΑΝΑ.

247 1921 252 1932 ¹
288 1841 422 1907 Rauso
438 1841 481 1905 ed
505 1842 579 1924 ejus
592 1841 793 1906 breviarium
806 1843 954 1908 historiae
970 1842 1147 1920 Romanae,
1159 1843 1261 1928 eujus
1280 1844 1347 1908 vir·

243 1950 333 2033 tutes
351 1950 383 2008 et
405 1943 488 2008 vitia
510 1944 601 2007 uarie
626 1945 770 2027 spectari
795 1950 948 2028 possunt.
993 1945 1109 2010 Prima
1133 1946 1167 2008 in
1187 1946 1345 2012 historico

243 2047 349 2109 uirtus
364 2051 452 2108 recte
465 2044 647 2108 celebratur
662 2050 695 2108 et
709 2045 871 2128 probatur
885 2047 1037 2110 ueritatis
1053 2047 1210 2111 studium.
1242 2044 1345 2124 Quod

244 2147 275 2212 si
289 2146 323 2209 in
337 2151 497 2228 superte,
524 2144 583 2208 ubi
603 2145 816 2212 remotiorum
840 2151 902 2209 aut
927 2150 1137 2230 superiorum
1161 2155 1345 2232 temporum

243 2247 416 2312 historiam
433 2246 595 2323 contexit,
618 2265 661 2309 ex
686 2246 833 2310 sontibus
850 2247 1028 2332 judicetur,
1050 2269 1138 2331 quos
1162 2248 1256 2334 adiit,
1277 2267 1344 2311 uon

242 2354 362 2444 temere
376 2348 644 2432 adscribendum
658 2354 771 2412 noster
791 2349 944 2425 accessit,
958 2368 1032 2425 nec,
1044 2370 1130 2433 quos
1144 2354 1281 2433 paratos
1295 2350 1346 2412 in-

243 2450 346 2542 uenit,
363 2457 481 2514 temere
506 2454 538 2513 et
564 2450 636 2514 siue
656 2448 785 2513 delectu
811 2449 972 2524 adhibuit.
1018 2451 1138 2520 Plures
1158 2453 1345 2528 enimenin

243 2552 454 2634 explorasse,
468 2552 518 2616 uti
533 2551 667 2615 omnino
683 2570 729 2614 ex
741 2550 850 2644 'longa
863 2571 972 2616 rerum
987 2561 1241 2636 temporumque
1256 2552 1344 2617 serie

243 2653 384 2737 intelligi
399 2657 525 2738 potest,
546 2654 598 2716 ita
615 2654 715 2717 etiam
740 2672 785 2717 ex
808 2655 899 2738 ips0“
923 2654 1071 2733 discitur,
1087 2675 1162 2720 eum
1176 2654 1343 2719 uariorum

242 2753 393 2848 diversas
407 2755 610 2819 narrationes
626 2757 660 2820 in
675 2756 822 2821 medium
838 2757 966 2822 afferat.
1006 2757 1212 2824 Nominatim
1228 2777 1273 2819 ex
1284 2775 1345 2822 aa·

243 2856 441 2942 tiquissimis
456 2856 585 2921 indicat
606 2855 764 2922 Fabiumb
790 2856 968 2923 Pictorem.
1015 2859 1068 2922 De
1091 2860 1177 2935 aliie,
1202 2877 1344 2941 quorum

243 2960 379 3036 nomina
402 2962 599 3044 suppressit,
626 2960 783 3043 judicare
812 2960 893 3024 licet
916 2962 1008 3026 facta
1034 2980 1145 3024 rerum
1169 2961 1344 3044 ipsiusque

243 3045 444 3123 narrationis
459 3064 719 3144 comparatione.
758 3063 850 3127 Hinc
867 3069 1018 3146 apparet,
1035 3064 1067 3126 in
1082 3082 1193 3125 eorum
1209 3081 1345 3124 numero

243 3163 323 3247 poni
338 3182 440 3244 posse
455 3161 599 3240 Livium,
615 3163 810 3228 Sallustium
822 3165 857 3226 in
871 3163 1044 3247 deperdita
1060 3164 1208 3240 historia,
1223 3163 1345 3226 Sueto·

243 3265 346 3341 nium,
368 3264 516 3329 historire
541 3262 702 3347 Augustae
728 3266 924 3350 scriptores,
951 3282 1093 3350 quorum
1119 3267 1221 3327 etiam
1242 3265 1345 3328 verba

244 3384 336 3448 eaepe
349 3364 468 3443 reddit,
484 3366 537 3432 vel
558 3388 682 3432 errores
698 3377 874 3452 propagat,
889 3369 938 3432 uti
952 3368 987 3430 in
1008 3367 1111 3431 notisc
1131 3368 1258 3449 passim
1272 3385 1345 3430 nro·

243 3467 311 3531 nui.
358 3466 411 3530 De
427 3466 525 3531 Livio
546 3469 747 3534 luculentum
768 3477 862 3533 extat
883 3469 1110 3532 testimonium
1126 3465 1268 3541 Suidaef
1283 3467 1344 3551 qui

244 3566 331 3648 adeo
347 3570 482 3636 scribit:
499 3569 651 3657 Εὐτρὸπιος
664 3576 676 3634 ὁ
690 3571 853 3656 Ῥωμαϊστὶ
870 3566 1005 3652 ἐπιτιμῶν
1020 3567 1117 3644 Λίβων
1131 3568 1178 3630 τὸν
1191 3569 1345 3649 Ῥωμαῖον,

739 3754 851 3806 No'rAE

275 3874 294 3900 n
311 3866 352 3917 Aa
364 3883 421 3932 cap.
432 3874 457 3919 8.
812 3868 897 3919 ditur'
915 3881 955 3917 rx.
974 3872 1013 3917 19.
1031 3875 1058 3917 et
1067 3866 1127 3917 nlibl
1146 3865 1237 3917 eodem
1254 3867 1295 3917 vel
1312 3867 1345 3917 sl·

276 3952 288 3978 ¹·
307 3957 344 3994 tv.
356 3950 379 3995 5.
812 3944 865 3995 mili
877 3945 963 3995 modo.

276 4029 289 4054 ⁰
305 4020 337 4069 ln
349 4019 433 4069 Heur.
450 4020 575 4086 Stephani
592 4024 697 4073 mediore
709 4022 773 4073 artis
844 4018 856 4052 ὓ
875 4033 919 4070 ιιι.
935 4025 959 4069 t.

244 4096 404 4165 principibus
415 4098 489 4145 Tem.
502 4110 534 4147 rr.
552 4112 576 4161 p.
585 4101 641 4149 242.
845 4103 856 4128 ⁶
873 4094 913 4144 cf.
924 4109 985 4144 vrri.
999 4100 1037 4146 ll.

275 4173 468 4237 rc.1.p.1us.
845 4168 1212 4224 ⁴S.v.1tsrtm'l'om.rr.
1238 4185 1265 4240 p.
1284 4177 1343 4225 24⁰.

276 4256 289 4283 ⁸
306 4261 368 4298 vrri.
387 4251 427 4297 ιι.
456 4248 499 4298 Sic
523 4247 554 4297 ‘a
573 4249 705 4316 plerisque
720 4262 776 4300 ore·
813 4247 998 4302 canuerat.
