3017 4859
334 381 515 430 nnnvtnn.
538 382 636 431 nisu.
661 384 752 433 ROM.
778 385 851 433 nin.
868 387 953 437 vlit.
976 390 1056 440 ΟΑΡ.
1073 375 1125 440 19.
1215 376 1280 444 467

180 522 354 585 buspstetet
374 524 531 587 cespititium
552 539 712 575 morumveo·
783 528 834 577 Per
853 542 947 580 mn.
967 530 1044 580 miliia
1059 532 1180 596 pssum]
1197 534 1280 584 Vetus

181 597 241 646 dem
262 597 320 661 ipso
340 597 366 646 io
381 600 439 647 loco
454 598 487 646 sb
499 599 632 649 Hadriano
644 600 711 664 imp.
749 604 816 654 iiber
834 607 923 666 habet,
939 623 985 671 per
1002 621 1111 659 cxxxii.
1126 610 1203 658 miliia
1218 626 1280 674 poss.

176 673 234 738 jsm
241 682 319 723 nutes
335 674 445 736 positum
459 672 556 734 suisse;
568 683 595 725 et
608 676 712 725 Latino·
750 689 780 731 et
789 683 863 732 Beda
873 682 988 746 Angins:
999 685 1057 748 iege
1069 684 1189 734 Dionem.
1199 686 1281 737 Porro

180 764 237 799 rum
258 750 352 800 Vultum
372 750 599 814 (quemadmodum
617 750 712 813 Aonio·
749 757 1281 824 Eborsco(urbsestBritnnuiae)Romam

180 841 237 875 rum
263 827 328 876 Woii
346 835 373 877 et
390 827 527 876 Britonum
547 827 628 876 Gnosi
651 827 712 876 iude
748 832 841 882 Seueri
862 848 957 897 corpus
978 836 1087 886 relatum
1110 834 1168 885 suit.
1200 836 1279 886 Vinci.

174 901 335 966 deductum)
353 902 502 967 idemquod
514 902 713 964 morouvstere,
749 921 858 959 cxxxn.
882 911 961 960 ctiam
988 911 1066 963 Oros.
1094 926 1143 963 vn.
1169 916 1207 962 17.
1237 914 1282 963 nbi

179 980 310 1028 eruditum
336 980 408 1028 iiiuru
433 979 612 1043 presbyterum
641 980 711 1044 igno·
750 981 913 1034 rideomtn.

180 1070 260 1118 resse,
271 1064 364 1106 contra
374 1055 441 1120 qrrod
450 1055 643 1106 accuratissime
655 1071 712 1119 pro·
782 1060 852 1109 Muri
861 1063 893 1109 od
903 1062 980 1124 more]
1004 1063 1038 1112 Et
1049 1064 1086 1112 sic
1098 1063 1172 1113 hodie
1181 1078 1282 1130 soporo·

180 1130 275 1182 buruni
292 1131 425 1190 Bobthiun
444 1131 600 1194 Cumdeuns,
612 1133 712 1182 Usseri·
750 1141 794 1184 tur
805 1137 894 1185 Sectis
906 1138 938 1185 ub
948 1136 1048 1198 Anulis.
1067 1140 1136 1189 Glor.

180 1222 220 1268 ns,
231 1207 334 1271 siiique.
371 1208 413 1257 its
426 1208 524 1257 Bedsrn
542 1209 642 1271 lapsum
654 1223 712 1258 esse
783 1210 898 1275 Eboraci]
909 1213 1063 1276 Brigantum
1073 1215 1181 1279 oppido,
1192 1215 1219 1265 iu
1228 1231 1282 1268 me·

180 1284 267 1347 potius
288 1283 442 1342 mirandum,
468 1283 535 1347 qrtnd
566 1283 711 1346 promiscue
750 1285 892 1336 disiusuls.
912 1288 981 1338 Giur.

179 1359 259 1409 etiarn
283 1360 334 1408 ists
363 1359 441 1408 verbu
458 1367 582 1422 usurpata
602 1358 712 1408 fuisses
781 1363 914 1412 Admodum
932 1364 1017 1428 mex]
1049 1366 1098 1415 Vel
1120 1381 1220 1417 menses
1240 1382 1280 1419 rx.

178 1436 318 1500 Spsrtisuo
338 1436 459 1484 didicisse
477 1435 603 1498 potuerit,
622 1436 666 1499 qni
686 1434 711 1483 iu
749 1436 805 1486 dies
830 1450 897 1488 xxv.
917 1445 947 1489 ut
968 1440 1007 1489 Cl.
1032 1440 1142 1492 Gruuer.
1163 1458 1178 1491 s
1195 1444 1281 1495 Dione
1350 1456 1353 1468 “

178 1513 269 1562 Severi
292 1513 346 1561 sits
363 1511 417 1560 sit:
435 1511 519 1560 ‘Post
542 1526 642 1560 murum
666 1519 711 1561 sut
749 1513 874 1576 scriptum
887 1515 1021 1565 uotst.nbi
1035 1517 1102 1566 vide.
1129 1507 1248 1582 Verbeyb.

178 1588 306 1654 [siccnim
325 1590 442 1637 voculam
460 1589 527 1637 hsuc
544 1594 617 1637 recte
637 1588 711 1637 resti·
783 1589 882 1652 Imperii
902 1605 963 1640 suno
985 1591 1080 1655 xvuu]
1107 1591 1160 1642 Hic
1178 1593 1282 1645 uariunt

172 1664 231 1713 tuit
240 1664 279 1714 Cis
290 1664 441 1725 Salmasius]
459 1664 553 1713 usuum
568 1664 711 1713 missuruiu
749 1663 833 1714 eodo.
861 1666 926 1716 Mss.
949 1673 978 1717 nt
1000 1669 1044 1731 qui
1065 1669 1151 1731 potior
1173 1668 1208 1718 sit
1232 1671 1281 1722 cai·

177 1740 332 1792 Britannia!
373 1739 443 1788 Hinc
472 1739 585 1790 Annales
607 1739 712 1788 Saxoni-
749 1742 832 1804 cuius,
859 1743 903 1791 vix
930 1745 987 1793 erui
1014 1750 1101 1807 quest.
1141 1743 1209 1794 Vide
1239 1745 1281 1795 iric

178 1816 219 1865 ci:
237 1816 371 1864 Sermonis
382 1817 489 1879 Brytene
498 1817 712 1879 geprobtebepeoi
749 1815 862 1866 Gruner.
883 1824 911 1866 et
931 1817 964 1867 sd
987 1818 1097 1868 Dionem
1112 1820 1145 1870 V.
1162 1820 1201 1871 ct.
1219 1836 1278 1885 pag.

178 1892 409 1955 nidtmpuruprom
417 1897 522 1954 patore.
556 1893 632 1945 Quod
648 1908 718 1943 verm
748 1894 805 1940 871.
826 1892 943 1956 Verbeyk.

179 1968 320 2031 Eutropius
333 1977 361 2017 et
373 1967 500 2016 victorin
512 1981 602 2018 mn.
614 1969 669 2017 sive
680 1977 710 2018 ut
780 1967 859 2017 Diuus
879 1970 1009 2032 appetimus
1030 1968 1077 2032 est]
1113 1969 1281 2021 Herodianus

179 2044 229 2093 uiis
249 2043 407 2106 exemplaria
426 2044 524 2092 hubent
545 2044 571 2092 in
599 2056 709 2094 cxxxrr.
747 2041 823 2091 initio
841 2042 886 2092 tib.
907 2058 945 2094 ιν.
965 2044 1045 2094 trudit
1062 2037 1226 2095 solennitatis
1249 2045 1282 2100 ti·
1340 2037 1342 2042 ¹

178 2120 242 2169 miii.
256 2134 324 2184 pass.
336 2119 411 2182 hujus
422 2118 611 2182 longitudinem
622 2127 710 2169 extcn·
749 2123 803 2167 tum
829 2117 948 2180 mirifice,
972 2121 1099 2185 quomodo
1121 2122 1237 2172 Caesnrcs
1254 2122 1281 2172 in

177 2195 274 2256 derint,
283 2195 420 2244 mendacin
431 2209 539 2244 numero
549 2195 710 2259 subrepsisse
748 2195 1003 2249 uumerumDeornm
1010 2194 1199 2245 referebantur.
1210 2196 1280 2247 Gior.

169 2271 328 2320 existimant
356 2271 479 2320 Ueserim
507 2271 709 2335 camdenusque.
782 2269 847 2317 Nom
858 2269 926 2336 filins
941 2273 997 2319 duos
1015 2286 1156 2323 successores
1171 2270 1281 2336 reliquit]

179 2347 240 2396 Non
259 2348 327 2397 enirn
350 2355 424 2397 tauto
443 2354 485 2395 est
505 2347 595 2397 insuise
616 2362 647 2397 eo
659 2349 710 2397 ioci
749 2347 824 2396 Fuld.
837 2347 947 2398 Scbouh.
959 2347 1180 2400 etGraecusduot.
1204 2350 1282 2404 Viuo·

177 2421 259 2487 (iuter
271 2424 348 2472 itm
359 2422 476 2471 nimirum
493 2424 643 2472 cestusrinm
654 2426 709 2474 siue
749 2428 791 2472 tus
801 2436 862 2472 usos.
879 2421 1053 2473 Videtnrnorn
1065 2423 1223 2474 redundare:
1233 2424 1280 2477 sed

177 2499 453 2565 &menducium
467 2501 560 2550 ostium
573 2501 711 2565 diemoutb)
748 2496 914 2548 referendum
939 2498 971 2547 ad
995 2500 1198 2550 consecrationis
1221 2515 1281 2550 unc·

176 2576 299 2638 latitudo,
308 2578 408 2627 etiamsi
420 2578 503 2640 ipsum
519 2576 710 2627 anfractuosum
749 2582 829 2624 tores.
848 2575 906 2626 ccii.
939 2575 1020 2625 Doleo
1040 2591 1103 2626 num.
1131 2575 1281 2628 Heumann.

168 2653 244 2706 ‚muri
254 2652 359 2702 ductum
369 2654 549 2716 persequeris;
559 2653 626 2717 qnod
634 2654 710 2702 sieti·
748 2652 808 2702 Vox
820 2658 907 2701 temen
918 2653 969 2701 istu
978 2653 1004 2701 in
1016 2652 1131 2701 omuibus
1142 2652 1224 2702 codd.
1237 2667 1281 2702 ex·

178 2729 364 2779 sminltsiica
374 2729 496 2778 milliaris
514 2729 634 2791 resolves,
650 2743 711 2794 pun·
749 2733 810 2776 stst.
843 2727 977 2777 Hiccerte
988 2728 1113 2776 nonsatis
1124 2735 1280 2792 opportune.

177 2804 204 2853 lo
214 2806 353 2869 piusquam
367 2818 452 2855 nm.
464 2811 495 2853 ut
505 2813 577 2854 recte
593 2819 710 2854 nnmeru-
748 2801 776 2851 in
788 2800 870 2864 Lngd.
889 2802 948 2852 But.
959 2805 983 2851 2.
1001 2799 1134 2851 diducitur
1153 2803 1180 2852 iu
1195 2805 1281 2854 medio

177 2880 218 2928 vit
239 2880 399 2945 Spartianus,
418 2881 533 2945 colligas.
567 2881 710 2930 Procuidn·
748 2878 872 2941 spatium,
891 2884 919 2926 et
940 2877 1063 2927 scribitur
1082 2893 1098 2925 u
1118 2894 1166 2927 om.
1200 2881 1280 2930 Forte

178 2954 221 3004 bio
240 2956 329 3020 itaque
351 2956 512 3006 librariorum
531 2957 595 3004 titio
610 2958 710 3005 numeri
748 2956 853 3019 scripsit
864 2961 955 3007 srrctor
968 2954 1059 3018 Etiam,
1075 2959 1114 3019 isc.
1126 2956 1185 3005 veit
1205 2958 1281 3010 Anto·

179 3032 391 3097 quinquegeusrii
408 3032 452 3081 iile
470 3040 543 3092 uots,
559 3033 587 3081 iu
608 3031 711 3096 quibus·
748 3033 816 3080 uiuos
839 3033 897 3080 dnos
918 3031 986 3096 jiiios
1012 3046 1154 3082 nucessores
1174 3034 1280 3097 reliquit.

167 3107 238 3156 dem
249 3107 383 3157 codicibus
395 3108 499 3171 penitus
510 3108 611 3170 omissa,
620 3107 646 3156 in
654 3107 710 3156 aliis
748 3106 837 3155 Verbo
848 3106 981 3158 morientis
992 3108 1061 3169 opud
1072 3107 1204 3171 spontino.
1221 3123 1280 3171 cop.

177 3182 646 3247 cumuotscenteusriitquoofscne
664 3182 710 3233 tie·
748 3187 789 3234 2³.
821 3182 947 3232 ‘firmum
976 3183 1112 3246 imperium
1142 3182 1281 3235 Antoninis

178 3258 202 3307 ri
229 3257 327 3323 potuit)
347 3265 507 3316 commutata
533 3258 592 3308 fuit.
616 3258 709 3309 Heortt.
748 3260 812 3309 rucis
835 3258 1001 3324 relinquens!
1035 3261 1086 3311 Qui
1106 3261 1174 3312 idem
1199 3261 1281 3320 trudit

106 3361 114 3370 ·
180 3333 239 3384 vio.
248 3335 281 3383 sd
292 3331 373 3385 Dion.
384 3351 410 3399 p.
419 3339 476 3385 868.
748 3349 807 3399 cap.
829 3340 868 3385 2⁰.
889 3336 914 3384 in
936 3335 1049 3400 ejusdem
1071 3335 1149 3386 vtis:
1176 3336 1281 3399 ‘Septi-

214 3410 475 3476 vadmonium]
496 3411 710 3474 spanianum·
747 3411 826 3461 mium
867 3412 990 3462 Severum
1030 3410 1280 3478 immoderatissime,

176 3505 232 3539 m
243 3497 320 3540 vocat
328 3504 387 3554 esp.
399 3494 439 3540 18.
457 3488 550 3539 Multis
559 3497 645 3537 nutem
654 3503 710 3538 ver·
747 3502 826 3552 quum
836 3495 990 3547 moreretur,
1002 3488 1127 3548 laetatum,
1139 3485 1206 3551 qnod
1216 3486 1280 3538 ditos

178 3564 217 3617 bis
228 3567 303 3617 Beda
313 3566 385 3616 Hist.
397 3580 416 3614 1.
428 3571 452 3615 b.
465 3564 599 3614 contendit
614 3566 710 3627 rodum,
748 3562 896 3613 Antoninos
913 3564 970 3626 ucri
990 3563 1097 3627 imperio
1116 3563 1280 3627 Reipublicte

177 3657 230 3694 nou
249 3658 341 3693 mmo
362 3641 450 3693 fuisse.
482 3642 526 3691 De
548 3641 710 3705 longitndine
748 3639 924 3704 relinqueret!
950 3638 1016 3690 Hos.
1045 3638 1114 3687 Illud
1134 3654 1189 3689 som
1211 3639 1282 3692 delet

177 3718 308 3769 vallivide
320 3720 345 3768 in
358 3718 434 3767 variis
446 3718 616 3767 lectionibus:
636 3718 710 3768 Grae·
748 3731 852 3782 quoque
870 3714 998 3766 Paesnius.
1032 3715 1101 3766 (briis
1118 3729 1181 3765 vero
1192 3722 1282 3767 exstet

176 3797 308 3848 eusenius
324 3797 376 3856 iric,
392 3794 710 3859 quemFuidentirsequi·
748 3794 774 3842 iu
795 3792 912 3842 omnibus
933 3793 1027 3842 nostris
1044 3792 1126 3842 Codd.
1145 3793 1210 3842 Mss.
1221 3808 1280 3845 oum

178 3880 231 3934 tur,
250 3872 439 3934 uimis'iurgns
463 3876 510 3919 est.
553 3868 710 3935 Augentqnc
748 3867 992 3919 Celisriofscercm.
1015 3868 1128 3932 Verbcyir.

177 3947 328 3997 centenario
351 3959 499 4006 numernm3
521 3943 568 3993 sed
586 3946 652 3995 citrs
671 3960 709 3994 rs·
783 3942 936 4006 Bassianum]
954 3943 1120 3993 Caracallum.
1138 3944 1208 3993 Gur.

177 4023 286 4076 uorsus.
300 4023 367 4071 Nutu
378 4020 408 4069 rb
422 4018 554 4083 ἐλάχιστον
567 4019 659 4070 πλάτος
666 4022 711 4071 bu·
781 4019 828 4068 Sed
839 4020 954 4070 Bossiutto
965 4019 1082 4069 Antonini
1092 4018 1187 4082 nomm]
1204 4019 1280 4083 Spor-

172 4098 219 4162 jus
240 4098 330 4150 iussis
347 4096 464 4146 continet
483 4094 629 4158 spirensium
653 4112 710 4147 cru·
750 4095 834 4143 tiouus
847 4093 978 4158 perbibet,
997 4094 1207 4157 opntrechero
1220 4096 1282 4146 Bus-

177 4173 249 4225 ticos.
273 4172 557 4238 Xipbiiio.inSerero.
575 4172 635 4224 een.
748 4170 820 4221 naun
847 4168 972 4221 Antonini
1003 4183 1096 4222 nomen
1123 4170 1279 4235 impositum.
