3017 4859
249 357 294 424 28
345 405 348 414 ,
671 370 719 422 nn
744 372 933 422 nuruorro

247 518 291 582 lis
312 515 528 596 Alexandrus
553 525 679 582 ceteros
702 538 724 582 a
747 521 790 583 17
814 539 859 583 ex
873 518 989 583 ordine
1010 517 1160 583 historias
1183 517 1349 584 miscellae

248 624 368 686 notato
389 620 433 682 ad
457 619 502 684 24
522 618 722 702 lundulpho
746 620 879 702 Sugaci.
937 618 1076 683 Eadem‘
1106 619 1206 682 etiam
1231 619 1355 685 discre-

251 722 368 804 pontia
384 721 543 804 objicitur
567 723 602 785 in
618 723 871 786 accessionibus
886 723 1001 798 variis,
1025 723 1146 805 quibus
1165 726 1287 786 auctus
1300 727 1354 785 est

250 823 286 885 in
300 823 435 887 historia
448 823 598 887 miscella
613 823 807 906 Eutropius.
852 821 933 887 Non
947 825 1034 887 enim
1051 821 1196 888 Codices
1210 823 1284 906 ejus
1299 842 1354 887 so·

250 924 334 1000 lum,
360 924 471 987 sedet
494 925 567 988 libri
593 923 674 988 editi
688 924 790 989 modo
809 924 924 1007 plures
938 925 1126 1001 inferciunt,
1153 924 1253 989 modo
1270 942 1354 1008 pau·

252 1025 372 1103 ciores,
389 1024 484 1107 quod
499 1032 533 1090 et
547 1031 685 1109 apparet
699 1045 744 1090 ex
760 1028 861 1103 notiS,
876 1046 963 1110 quas
978 1028 1124 1110 subjecit
1136 1025 1353 1102 Muratorins,

251 1132 285 1192 et
299 1146 361 1209 ego
376 1128 451 1210 ipse
465 1128 614 1191 intellexi
638 1148 682 1192 ex
696 1130 945 1211 comparatione
960 1128 1167 1193 Gruterianee
1181 1128 1349 1205 editionis,

251 1246 352 1311 quam
367 1230 500 1312 quidem
516 1231 572 1295 ille
585 1230 742 1313 neglexit.
788 1230 952 1294 Diversus
964 1237 1018 1295 cst
1032 1232 1131 1294 etiam
1145 1229 1256 1294 Paulli
1267 1228 1354 1293 Dia·

251 1330 330 1393 coni
346 1330 540 1415 Eutropius,
562 1335 671 1416 qualis
684 1334 764 1397 olim
779 1331 945 1417 prodibat,
969 1334 1012 1397 ab
1028 1332 1191 1417 Eutropio
1206 1330 1353 1396 historiae

250 1430 423 1510 miscellae,
436 1434 563 1517 qnippe
575 1453 651 1517 quae
663 1435 765 1498 alium
778 1433 933 1500 Paullum
943 1436 1113 1518 magisque
1128 1440 1262 1499 anctum
1276 1451 1354 1517 pro-

250 1531 351 1611 ducit,
366 1551 466 1617 qnam
481 1536 539 1618 qui
555 1534 706 1620 Eutropii
722 1536 815 1599 libris
826 1537 969 1620 appendi
985 1537 1077 1601 solet.
1117 1536 1288 1601 Praeterea
1298 1534 1353 1598 bic

251 1633 297 1708 ad
305 1635 424 1700 librum
435 1638 762 1722 nunnproducitur,
772 1655 848 1702 oum
857 1638 1156 1703 bistoriamiscella
1164 1638 1352 1702 babeat24.

252 1734 293 1800 In
303 1737 446 1802 editione
459 1746 566 1804 tamen
579 1741 767 1805 Basileensi
781 1759 855 1803 ann.
872 1740 969 1805 1532.
985 1739 1128 1823 decuplo
1141 1740 1247 1824 major
1256 1738 1354 1805 exbi-

250 1839 538 1926 beturEutropins
547 1843 746 1921 etitilibris,
757 1862 876 1925 nempe
885 1851 1021 1907 servato
1031 1843 1188 1908 librorum
1198 1842 1354 1927 Eutropii

250 1941 379 2020 ordine,
393 1944 567 2007 historiam
581 1943 623 2007 ad
644 1943 766 2008 Leonis
781 1950 934 2027 tempora
948 1945 1103 2027 pertexit.
1149 1941 1261 2028 Atque
1272 1944 1351 2009 hinc

250 2042 399 2109 conflata
419 2053 472 2110 est
492 2044 633 2109 historia
653 2045 828 2123 miscella,
841 2045 1031 2130 diversique
1055 2046 1133 2110 inde
1154 2048 1218 2110 orti
1242 2046 1354 2112 Paulli

198 2187 201 2196 -
250 2142 399 2209 Diaconi
419 2147 496 2211 libri
511 2155 544 2211 et
557 2148 637 2231 ipsa
653 2147 850 2231 discrepans
872 2147 1022 2214 historia.
1069 2146 1172 2225 Quod
1183 2149 1233 2211 uti
1250 2148 1354 2213 colla·

250 2248 502 2332 tio'utriusque
531 2250 737 2314 recensionis
760 2249 862 2314 facile
892 2249 1015 2312 docere
1040 2256 1163 2333 potest,
1186 2249 1232 2313 ita
1249 2251 1353 2333 probe

250 2349 433 2414 tenendum
448 2353 542 2434 puto,
557 2369 599 2415 ne
613 2369 692 2414 vera
702 2351 790 2414 ratio
806 2351 965 2415 turbetur.
1010 2351 1078 2416 Sed
1094 2355 1132 2415 ut
1146 2352 1352 2418 luculentius

249 2452 315 2516 iata
330 2460 526 2535 appareant,
553 2457 657 2516 totam
679 2451 900 2535 questionem
924 2451 1050 2530 ordine,
1072 2458 1106 2517 et
1121 2461 1292 2535 qnatenus
1307 2473 1353 2519 ex

249 2554 452 2637 scriptorum
465 2553 601 2618 indiciis
623 2554 789 2636 explicari
805 2571 909 2636 posse
924 2554 1089 2632 videatur,
1115 2556 1260 2621 breviter
1274 2575 1353 2640 per·

249 2674 384 2739 sequar.
429 2655 581 2738 Eutropii
603 2655 754 2733 historia,
779 2656 823 2720 ob
838 2656 1048 2739 perspicuam
1070 2658 1269 2723 brevitatem
1300 2679 1352 2723 re·

249 2776 389 2842 rumque
411 2757 698 2842 amplissimarum
716 2758 941 2842 complexum,
956 2757 1091 2842 cupide,
1112 2779 1189 2824 cum
1205 2765 1239 2825 et
1262 2768 1354 2828 esset

250 2857 452 2945 imperatori
464 2861 605 2927 Valenti
618 2860 787 2937 dedicata,
805 2880 826 2923 a
839 2860 954 2925 moltis
967 2867 1122 2945 excepta,
1138 2862 1302 2941 lectitata,
1317 2871 1352 2931 et

249 2963 392 3045 repetita
405 2970 466 3028 est.
511 2964 648 3028 Docent
673 2963 721 3039 id,
748 2969 870 3047 praeter
892 2971 1067 3028 auctorum
1089 2966 1284 3030 tesb‘monia
1298 2986 1353 3032 sn·

249 3082 311 3147 pra
325 3067 482 3148 apposita
496 3073 531 3131 et
543 3070 707 3148 excerpta
729 3084 751 3128 a
774 3065 888 3130 multis
915 3064 1070 3149 Eutropii
1096 3066 1186 3144 loca,
1202 3070 1352 3134 maxime

247 3166 419 3232 versiones
445 3166 622 3251 Capitonis
634 3175 669 3231 et
681 3166 826 3245 Paeonii,
851 3187 873 3232 a
892 3169 1044 3252 pluribus
1058 3174 1261 3248 memorate,
1278 3172 1353 3255 qui·

249 3268 316 3332 bus
340 3269 493 3334 effectum
520 3275 581 3348 est,
611 3275 649 3333 nt
668 3270 704 3333 in
727 3268 921 3335 Graecorum
945 3273 1047 3336 edam
1069 3289 1190 3335 manus
1206 3257 1353 3338 etnsum

249 3369 430 3454 Eutropius
443 3371 638 3455 perveniret.
683 3371 737 3437 lta
751 3391 843 3450 vero,
858 3372 948 3456 quod
962 3373 1048 3437 solet
1062 3373 1098 3437 in
1113 3374 1207 3438 libris
1217 3374 1351 3439 breuio-

248 3472 354 3551 ribus,
379 3475 414 3538 in
444 3475 570 3558 quibus
595 3477 718 3539 artium
737 3482 773 3539 et
796 3476 1019 3540 doctrinarum
1043 3477 1143 3541 haee
1170 3476 1347 3556 ducuntur,

248 3576 394 3640 maxime
409 3576 445 3639 in
459 3575 642 3653 historicis,
663 3583 792 3640 mature
817 3577 869 3640 vel
893 3576 1173 3658 explicationibus
1195 3579 1249 3643 vel
1271 3563 1367 3662 sup?

249 3676 424 3760 piamentis
448 3676 599 3761 Eutropii
629 3677 730 3744 lectio
760 3678 885 3765 adjuta,
914 3679 989 3761 ipse
1014 3680 1127 3744 varias
1152 3680 1351 3746 mutationes

742 3862 853 3914 NOTAE

247 3968 409 4022 crte-Tom.
418 3985 500 4023 xum.
511 3988 537 4038 p.
545 3977 601 4025 w„
819 3974 939 4026 labbeus
948 3974 981 4024 de
990 3974 1124 4040 scriptorr.
1133 3975 1226 4025 eccles.
1234 3974 1309 4024 Toni.
1317 3989 1349 4024 rr.

280 4046 409 4099 alubret.
417 4049 510 4100 eccles.
521 4051 592 4101 Tem.
601 4064 626 4102 v.
638 4065 664 4114 p.
675 4055 732 4102 deo.
818 4066 845 4115 p.
864 4054 920 4100 1⁷2.
943 4050 1069 4101 seldenus
1093 4050 1126 4101 ad
1152 4050 1277 4112 Eutycbii
1301 4050 1351 4101 ori·

279 4120 348 4173 ‘ct
366 4138 430 4189 quor
457 4124 548 4174 landet
565 4125 698 4175 Fabricius
718 4141 743 4176 c.
761 4126 778 4177 l.
817 4126 1228 4193 mendicantium-15³.-

248 4198 343 4252 Pitboei
361 4198 482 4266 prefatio
499 4200 533 4250 ad
551 4200 612 4253 bist.
628 4201 780 4267 misceilum,
