3017 4859
339 387 520 438 aauvrau.
543 388 644 437 uisu.
667 387 760 440 nou.
784 388 856 436 ura.
871 389 940 439 vu.
962 389 1044 440 cua.
1059 375 1093 443 1.
1198 374 1267 449 llo,

165 527 330 595 Imperator:
366 530 429 581 item
462 532 543 582 diuini
576 531 695 591 bonores,
735 531 761 579 iu
784 532 913 582 Caesarem
933 533 1004 582 iacta
1029 532 1088 582 ride
1109 532 1261 583 Suetonium

165 608 266 663 tbense
279 621 341 666 urar,
354 609 460 671 templa,
471 609 607 657 simulacro
617 609 694 671 juxta
735 609 803 658 titul
820 614 859 658 80
878 610 994 659 lululie.
1014 610 1084 658 Glor.

164 685 247 745 Deos,
257 683 414 742 sacerdotes,
432 699 526 733 mensis
537 684 704 748 appellatio
769 686 822 734 Duo
837 685 920 748 Bruti]
938 686 974 735 Μ.
993 695 1021 734 et
1040 687 1170 736 Decimus.
1189 687 1260 738 Gior.

164 758 220 823 ipse
239 761 396 821 contemptis
412 761 528 809 ominibus
546 761 593 820 bia,
609 759 692 822 digui-
733 768 762 810 et
774 762 833 810 Ceti.

165 840 233 884 tetes
256 849 302 899 pro
321 834 426 884 libidine
454 835 598 896 constituit,
630 834 692 883 nibil
766 838 807 886 Ex
824 852 850 887 oo
865 838 1049 902 geuereBraii]
1067 840 1137 902 Lege
1156 839 1190 889 de
1211 778 1260 891 boe

165 910 621 974 ampliuarcmpubi.assedrctitoua:
638 911 693 972 Syi-
734 912 844 962 Diouem
864 915 907 964 lib.
926 928 1000 964 mv.
1030 915 1107 967 Virret.
1140 915 1199 964 Hoc
1218 926 1261 964 rre-

163 986 216 1035 lem
228 986 340 1035 nescisse
352 984 449 1048 literas,
466 988 510 1051 qui
530 987 692 1035 Dictaturam
732 989 1149 1052 gotDiouyaiuallaiicaruaaaeus.
1162 989 1260 1045 Omnes

164 1060 326 1126 deposuerit:
336 1062 576 1119 uuiversoSenaiui,
585 1062 693 1125 piurima
733 1066 800 1113 eninr
811 1064 882 1115 lunii
896 1080 926 1113 oc
944 1065 1022 1114 Bruti
1040 1066 1135 1128 plebeii
1146 1064 1261 1130 fuerunt,

163 1152 196 1189 uc
223 1139 404 1188 honestiorima
433 1135 551 1187 offerenti
574 1139 691 1199 decreta,
732 1140 948 1202 quiposteaCoa.
965 1137 1150 1199 fremuerunt
1163 1142 1260 1191 Brutus

163 1214 255 1264 sedena
276 1228 323 1278 pro
342 1214 400 1263 rede
419 1214 529 1263 Veneria
550 1214 692 1264 Genitricir
733 1214 830 1278 primur
844 1215 1015 1263 Romanorum
1033 1215 1103 1266 Coos.
1119 1216 1198 1267 fuerit
1216 1232 1261 1282 pu·

162 1306 216 1343 non
231 1294 387 1343 assurrexit:
405 1292 534 1342 Tribunos
554 1293 636 1356 plebis
656 1293 692 1341 vi·
733 1292 831 1341 iricius.
866 1293 958 1341 Nullus
971 1301 1056 1341 eutem
1070 1294 1204 1345 Juuiorum
1215 1304 1261 1348 aut

163 1366 267 1417 lisrimia
285 1368 419 1417 decausis
439 1367 566 1430 dignitate
585 1368 692 1430 dejecit.
732 1367 871 1417 Brutorum
889 1377 947 1431 pust
963 1369 1073 1430 primum
1083 1370 1141 1420 Coa.
1158 1384 1215 1420 cum
1226 1387 1259 1421 ex

163 1442 242 1493 Unde
260 1443 453 1507 conjurationes
475 1442 502 1491 iu
527 1458 584 1493 euru
608 1443 694 1505 facire,
731 1444 792 1492 solia
813 1444 927 1506 patriciis
946 1445 1018 1495 Cosa.
1034 1444 1137 1507 flereat,
1153 1447 1178 1496 iu
1199 1462 1259 1499 con·

163 1534 222 1584 quur
244 1534 310 1580 eum,
327 1525 356 1568 ut
376 1517 535 1581 merebatur,
555 1519 692 1583 perrunde·
730 1521 813 1569 sulum
822 1520 1170 1583 catologoinveuitur.Gior.
1205 1524 1259 1573 Dio
1321 1561 1324 1571 ,

163 1596 235 1646 dere.
253 1596 322 1644 Glur.
577 1645 582 1651 ,
732 1594 802 1647 Casa.
813 1596 830 1645 1.
847 1608 921 1645 mv.
940 1611 966 1659 p.
974 1600 1031 1659 246.
1050 1598 1087 1645 uit
1106 1596 1171 1646 laiso
1188 1613 1258 1661 apar-

197 1673 287 1721 Coaira
304 1671 449 1735 libertatem]
466 1670 590 1734 Emenda,
608 1675 691 1720 conire
731 1673 887 1737 summisse,
904 1675 971 1723 huuc
981 1675 1090 1724 Brutum
1103 1690 1183 1737 genus
1195 1677 1258 1725 dux·

162 1748 357 1798 remidium.
374 1747 449 1797 Glar.
731 1751 782 1799 isse
793 1750 825 1799 ab
841 1750 895 1814 illo,
910 1751 954 1813 qui
972 1765 1046 1814 regei
1055 1751 1178 1814 ejecerat,
1189 1751 1258 1817 quod

193 1823 314 1886 Honores]
330 1823 510 1885 Magistratus.
529 1823 598 1873 Glur.
730 1826 824 1876 similia
835 1824 950 1875 facinora
962 1827 1089 1889 ediderat,
1099 1842 1176 1890 quum
1187 1827 1259 1891 prior

195 1901 237 1950 Ex
246 1914 290 1949 ruo
299 1897 430 1960 edantur]
445 1898 498 1947 Pro
509 1898 617 1948 libidine
630 1911 690 1947 ouu·
730 1903 826 1952 nuliam
835 1902 983 1966 progeniem
993 1902 1141 1965 reliquerat
1175 1902 1258 1952 Dubl·

162 1973 293 2024 stitueret.
311 1974 380 2023 Giar.
730 1982 770 2026 tat
792 1978 818 2025 iu
840 1984 896 2025 not.
923 1976 970 2024 Vir
992 1976 1032 2026 Cl.
1058 1975 1169 2026 Veteres
1188 1976 1258 2026 iuter

193 2050 293 2114 Populo]
309 2048 363 2099 Per
374 2047 601 2114 populisuffragia.
620 2050 689 2100 Glar.
728 2065 814 2116 neque
825 2058 927 2100 coortat
944 2050 1014 2112 satis,
1031 2065 1092 2100 uum
1111 2052 1166 2101 aine
1184 2052 1256 2115 prole

193 2126 233 2177 Ad
251 2141 276 2176 ra
294 2127 408 2190 umenti]
425 2128 490 2176 Cum
511 2127 627 2191 plurimir
644 2127 689 2177 bo·
729 2126 833 2177 obierit.
860 2126 918 2177 Vid.
948 2126 1061 2176 Miscell.
1086 2127 1154 2177 Nor.
1182 2127 1256 2192 bipa.

158 2202 362 2267 beatissimisque
372 2202 495 2252 decretis.
513 2204 584 2253 Giur.
728 2202 787 2252 Vol.
797 2214 840 2256 ur.
850 2205 875 2257 2.
891 2216 918 2266 p.
929 2205 986 2256 bdl.
1007 2201 1078 2260 Veri.

192 2279 348 2341 (ἰθύνω
366 2279 413 2342 eri]
439 2280 482 2329 De
509 2279 687 2342 coniuratione

581 2842 729 2911 LIBER
749 2842 836 2909 V11.

194 3119 283 3169 hare
293 3118 336 3169 hle
351 3132 404 3169 vrr.
422 3116 557 3169 historiam
568 3117 688 3169 eontinet
727 3117 909 3182 expenditure
919 3115 1095 3170 rrdmuemto
1111 3114 1191 3167 Praei.
1201 3116 1259 3167 Flo·

160 3209 285 3245 tuborum
310 3195 417 3246 circiter
438 3203 542 3246 centum
564 3208 688 3245 xxxurrr.
727 3195 813 3260 ri,qui
826 3194 939 3244 rotundo
954 3194 1162 3245 utituruumero.
1195 3193 1258 3244 Glu·

158 3269 284 3321 abU.C.
303 3271 412 3321 710.ιά
431 3285 524 3321 ubuum
543 3275 601 3321 848.
635 3271 689 3320 Uu·
729 3270 1259 3334 raauuspessimdiligeusauuorumcorrr·

160 3345 246 3397 decim
268 3354 329 3412 post
350 3349 379 3398 C.
399 3348 619 3412 Juliumpriururu
631 3347 688 3397 Cre·
730 3353 842 3410 putator.
864 3346 981 3408 Verlrplr.

158 3436 255 3486 ramur,
276 3437 308 3472 eo
329 3423 430 3483 ordine,
448 3437 500 3487 quo
516 3428 688 3487 prosequutus
761 3422 890 3482 interserto
902 3421 1008 3485 Coesare]
1032 3422 1070 3471 Ut
1082 3421 1192 3485 primum
1204 3419 1259 3468 Cn·

159 3506 203 3549 eat
220 3499 369 3567 Suetonius,
391 3500 466 3550 utsii
482 3499 541 3550 linis
555 3500 582 3548 iu
599 3498 688 3549 Domi·
730 3512 773 3548 tar
784 3500 883 3548 oceiaua
895 3505 943 3558 est,
953 3503 1108 3560 occupatum
1125 3497 1157 3545 ab
1178 3495 1258 3544 iuter·

158 3576 241 3625 tiano.
269 3575 340 3624 Glor.
729 3573 871 3624 sectoribus
897 3573 1055 3635 Capitolium
1077 3580 1126 3622 ert.
1160 3569 1261 3620 Oblivi-

193 3650 262 3700 Car.
274 3656 298 3701 l
313 3653 383 3700 Auno
398 3650 532 3701 urbirbcc
539 3651 595 3711 sere
610 3664 689 3700 ocur·
729 3648 884 3699 ouedeinde
904 3649 984 3697 credis
1005 3648 1088 3712 ejuaa
1103 3648 1200 3697 Senatu
1216 3645 1260 3694 de·

157 3725 201 3790 aar]
216 3727 260 3777 lta
279 3741 384 3791 proraur
404 3727 472 3777 liber
485 3741 587 3793 quoque
604 3734 689 3789 retus,
730 3730 812 3786 creta,
830 3724 961 3774 obridibua
986 3722 1091 3773 Antonii
1113 3729 1140 3770 et
1167 3717 1260 3783 Lepidi

157 3802 335 3865 maietprouc
346 3801 468 3852 baberet
488 3809 516 3851 at
534 3801 645 3851 Orosius
661 3808 690 3850 et
729 3799 820 3849 liberis
845 3800 972 3860 acceptia,
994 3798 1122 3860 conjurati
1148 3812 1163 3843 a
1185 3795 1260 3858 capi-

157 3879 240 3928 uostri
259 3878 415 3940 chronologi
436 3891 516 3927 uuum
532 3876 631 3925 udduut
646 3890 690 3925 eu·
731 3874 795 3924 tolio
811 3873 1010 3924 descenderunt.
1030 3872 1174 3921 Floruslib.
1186 3881 1260 3923 cxvi.

157 3967 230 4018 num,
249 3955 293 4018 qui
311 3954 427 4016 quintum
445 3951 690 4003 CmaoriaConaula·
732 3951 804 3999 Giar.

157 4031 261 4091 tum,iu
272 4044 322 4094 quo
334 4030 425 4079 ldibrrs
444 4029 550 4079 Martiis
566 4025 689 4077 interieo·
763 4026 920 4075 δεπάων
880 4023 920 4084 sor
921 4023 991 4085 aiu]
1008 4022 1136 4083 Ἀμνηστία
1154 4021 1261 4072 inducte

156 4116 200 4159 tua
210 4114 261 4168 est,
278 4112 371 4170 putaut
382 4107 408 4153 iu
418 4119 512 4154 aunum
524 4104 596 4153 urbia
609 4116 690 4154 bccx.
730 4100 891 4152 aCiceruue.
911 4102 981 4148 (liar.

155 4182 290 4234 incidisse.
311 4181 391 4231 Vinci.
423 4180 501 4230 Auuo
520 4184 579 4230 ild.
597 4178 689 4229 Idibus
761 4176 1059 4241 numerationem
1072 4176 1186 4241 Coesorb]
1203 4174 1261 4226 Pri·

155 4259 239 4317 biart.
257 4257 329 4311 Giur.
356 4255 439 4307 Unius
460 4256 522 4311 armi
543 4251 690 4307 differentia
729 4268 773 4305 ma
783 4251 897 4305 cirillum
908 4259 1024 4308 motuum
1035 4268 1113 4307 mura
1122 4259 1262 4313 lammeri·
