3017 4859
245 337 291 403 m
670 353 719 404 nu
740 351 932 402 unrnorro

248 505 375 588 quippe
395 501 433 564 iu
456 498 878 584 quinus-Pmltnrnesnit
895 501 929 563 in
944 500 1029 564 lih'ro
1045 507 1145 563 xvi-t.
1158 498 1211 563 tris
1224 500 1348 578 ternis,

250 625 329 690 quaa
345 612 379 669 et
392 605 426 667 iu
449 604 527 668 aliis
548 602 753 666 editionibus
776 602 946 682 leguntur:
970 605 1074 685 ‘quia
1101 603 1204 666 verlra
1224 608 1350 669 restant

249 708 370 784 adhuc,
399 727 476 790 qum
502 707 545 769 do
567 705 751 769 Iustiniani
774 705 916 787 Augusti
942 705 1101 770 felicitato
1126 706 1288 780 dicantrrr,
1314 706 1350 768 in

248 812 411 894 sequenti,
428 810 505 874 Deo
515 808 671 893 praesule,
684 807 797 871 libello
807 807 1097 890 promcnmsuntss
1120 807 1221 870 Liber
1237 823 1351 871 xviri.

249 914 308 996 qni
321 912 398 976 hinc
414 913 639 995 subsequitur,
650 910 736 974 etad
752 910 897 974 leonem
914 929 1022 994 usqne
1039 909 1223 975 Isauricum
1237 928 1353 993 proco·

248 1015 308 1091 dit,
335 1015 538 1097 sparsim-in
568 1014 677 1077 Paulli
705 1015 844 1078 historia
864 1014 915 1078 de.
929 1015 1029 1096 gestis
1059 1012 1350 1094 langobardorum

248 1117 378 1198 legitur.
422 1116 568 1182 Omissis
596 1118 681 1180 enim
710 1118 875 1200 pluribus,
901 1136 978 1200 quae
996 1116 1039 1180 ad
1060 1116 1151 1180 illam
1174 1115 1349 1181 historiam

248 1221 425 1302 pertinent,
442 1221 472 1282 si
487 1219 711 1283 connexueris
724 1238 771 1283 ex
784 1220 842 1282 lib.
867 1238 889 1282 ι.
912 1237 1011 1301 capp.
1029 1218 1082 1282 26.
1102 1217 1215 1282 min.
1226 1236 1275 1279 ex
1288 1218 1349 1280 lib.

252 1337 292 1383 ιι.
309 1340 408 1404 capp.
432 1323 462 1383 1.
475 1323 505 1384 2.
518 1321 550 1383 3.
562 1323 595 1386 4.
617 1321 673 1384 fin.
699 1321 730 1382 5.
746 1321 801 1384 11.
822 1340 866 1384 ex
889 1321 948 1384 lib.
966 1335 1021 1385 ιιι.
1043 1339 1145 1403 capp.
1157 1321 1211 1384 11.
1227 1320 1279 1384 12.
1294 1321 1349 1384 15.

251 1422 306 1486 17.
321 1421 376 1486 18.
391 1423 446 1486 211.
461 1422 514 1486 22.
529 1423 583 1486 23.
598 1423 649 1487 24.
662 1422 768 1485 -27.
785 1422 827 1485 ad
850 1423 937 1486 mod.
962 1442 1007 1485 ex
1030 1422 1088 1486 lib.
1113 1437 1162 1486 ιν.
1178 1440 1279 1504 capp.
1293 1420 1348 1486 27.

248 1524 303 1589 34.
324 1524 380 1589 37.
406 1525 461 1588 51.
488 1524 556 1589 iere
580 1525 622 1588 ad
648 1529 733 1587 extr.
758 1543 802 1587 ex
828 1525 886 1587 lib.
901 1542 933 1588 v.
949 1543 1049 1607 capp.
1064 1523 1212 1587 6.-14.
1227 1523 1282 1586 31).
1303 1541 1349 1586 ex

249 1627 309 1691 lib.
331 1637 382 1690 vr.
408 1643 509 1710 capp.
523 1629 555 1690 4.
569 1627 726 1690 11-14.
750 1627 805 1692 23.
829 1627 884 1690 31.
899 1627 954 1692 32.
968 1628 1021 1690 34.
1036 1623 1090 1689 36.
1107 1626 1160 1689 41.
1175 1626 1230 1689 47.
1256 1625 1309 1690 41).
1327 1643 1349 1688 a

250 1728 362 1792 medlo
385 1728 427 1792 ad
451 1728 560 1806 linem,
579 1735 768 1794 contextam
783 1731 921 1794 habebis
935 1730 1053 1793 seriem
1067 1728 1142 1792 libn'
1159 1744 1272 1793 xviri.
1289 1729 1348 1811 qni

251 1830 371 1895 Paullo
402 1832 584 1895 ascribitur.
631 1832 724 1896 Raro
751 1832 840 1896 enim
864 1831 989 1915 aliquid
1014 1831 1148 1895 aliunde
1175 1832 1347 1907 intexitur,

248 1932 350 1996 relati
373 1933 409 1994 in
432 1932 517 1997 libro
542 1949 582 1996 ιι.
606 1953 637 1996 c.
652 1934 683 1997 l.
698 1934 739 1996 de
754 1933 930 1997 Prisciano
952 1933 1179 1998 Grammatico
1204 1939 1238 1995 et
1266 1932 1348 1996 alrlri

250 2035 389 2118 passim·
435 2033 559 2098 Rarius
572 2036 674 2100 rerba
688 2036 803 2118 aliqua
816 2036 1018 2100 omittuntur.
1063 2034 1133 2098 Aut
1146 2035 1245 2115 igitur
1258 2041 1349 2098 totns

248 2135 334 2199 liber
356 2151 466 2198 xvrrr.
490 2136 643 2219 Eutropii
661 2137 808 2201 Paullini
830 2157 873 2200 ex
889 2136 1029 2204 historia
1052 2135 1349 2218 Langobardorum

251 2235 412 2301 collectus
427 2246 479 2303 est
492 2245 526 2302 et
540 2239 583 2302 ab
599 2239 713 2323 aliquo
728 2245 877 2316 assutus,
886 2245 954 2316 aut,
966 2239 1055 2323 qnod
1071 2239 1184 2320 piacet
1198 2237 1349 2303 Murato-

250 2338 323 2414 rio,t
344 2339 465 2403 librum
483 2340 575 2404 illum
600 2342 744 2406 Paullus
759 2343 835 2424 ipso
851 2341 903 2406 vel
917 2342 1041 2423 aliquis
1055 2342 1151 2417 alins,
1171 2340 1348 2423 perfuncta

250 2439 407 2516 divisum,
423 2442 457 2503 in
471 2441 640 2504 historiam
656 2441 951 2524 Langobardorum
964 2442 1140 2520 transtulit,
1160 2444 1347 2524 praesertim

250 2562 327 2606 cum
343 2541 461 2606 Codex
476 2543 531 2607 ille
546 2544 797 2626 antiquissimus
814 2543 1065 2622 Ambrosianus,
1080 2551 1114 2607 et
1130 2545 1252 2628 quibus
1264 2563 1349 2607 usus

249 2650 303 2708 cst
316 2643 461 2708 Vinctus
486 2646 620 2728 aliique,
640 2646 761 2709 librum
788 2647 1044 2709 subsecuturum
1067 2647 1188 2710 diserte
1210 2646 1349 2728 prumia-

248 2753 331 2823 tant‚
348 2766 447 2830 quem
462 2745 592 2830 quidem
609 2747 728 2810 librum
744 2747 909 2829 appendit
923 2745 1042 2811 Codex
1053 2749 1137 2811 alius
1152 2746 1348 2814 Ambrosia-

247 2865 310 2913 nus
332 2849 452 2913 iisdem
474 2849 585 2914 verbis
608 2848 908 2932 quibnseditloncs
925 2847 1080 2934 Eutropii
1093 2850 1174 2914 nlim
1200 2850 1348 2931 vulgare

249 2968 323 3013 cum
346 2950 558 3027 exhibebant,
571 2951 623 3013 uti
643 2957 782 3032 apparet
794 2969 838 3013 ex
856 2947 1033 3014 Muratorii
1063 2952 1224 3016 thesauro
1241 2951 1348 3033 scrip·

249 3057 357 3113 tonrrn
367 3070 473 3114 rerum
486 3051 706 3127 italicarum,¹¹
714 3051 772 3115 ubi
784 3050 1044 3116 additamentum
1053 3052 1135 3116 illud
1142 3052 1347 3135 descriptum

248 3152 380 3234 legitur.
424 3151 471 3216 At
486 3172 507 3217 a
521 3154 614 3216 libris
634 3153 713 3229 illis,
738 3171 824 3237 quos
840 3153 980 3217 Paullus
996 3153 1169 3218 Diaoouus
1184 3153 1347 3237 Eutropio

249 3251 388 3330 addidit,
402 3273 468 3317 non
484 3254 593 3318 solum
608 3253 786 3329 divisione,
803 3254 892 3336 quod
907 3255 980 3318 leve
992 3257 1047 3332 sit,
1064 3255 1124 3319 sed
1137 3257 1260 3338 etipsa
1274 3275 1348 3319 ora-

247 3354 336 3419 tione
350 3374 524 3438 rerumque
539 3358 722 3438 narratione
737 3357 945 3439 aliquantam
968 3357 1092 3422 recedit
1113 3358 1253 3421 historia
1266 3359 1347 3422 mis·

248 3457 343 3520 cella.
368 3456 456 3521 Haec
468 3459 567 3535 enim,
578 3464 615 3522 ut
626 3458 818 3540 exemplum
836 3464 947 3539 petam
961 3458 1082 3522 alibro
1094 3473 1206 3521 xviri.
1223 3457 1345 3535 Paulli,

248 3577 325 3640 quaa
347 3558 401 3622 hic
430 3560 472 3624 de
501 3560 682 3624 Iustiniani
711 3559 906 3624 collectione
932 3566 966 3622 et
990 3560 1215 3644 descriptione
1235 3561 1347 3642 legum

247 3667 368 3737 namet,
384 3660 443 3725 illa
456 3662 554 3746 plane
575 3661 708 3738 omittit,
729 3661 790 3724 sed
812 3667 849 3724 et
861 3662 963 3725 multo
982 3663 1077 3744 plura
1090 3671 1122 3726 et
1135 3664 1268 3728 diversa
1282 3668 1347 3727 aa·

248 3760 307 3840 dit,
338 3783 414 3847 quaa
444 3765 487 3828 ad
509 3766 644 3828 verbum
666 3764 858 3849 plerumque
883 3783 929 3829 ex
949 3763 1122 3830 Anastsmd
1135 3765 1273 3830 historia
1287 3763 1347 3828 de-

742 3965 847 4015 NOTIE

279 4125 289 4158 1
304 4124 379 4175 Turn.
390 4140 411 4176 ι.
422 4128 556 4192 scriptorr.
575 4141 659 4179 rorum
669 4127 775 4178 ltalica·
850 4136 862 4161 ¹¹
877 4128 950 4178 Tora.
959 4141 980 4177 ι.
997 4142 1022 4192 p.
1035 4131 1090 4177 172.
1100 4140 1156 4191 sqq·

249 4212 305 4251 rum
316 4199 343 4250 in
354 4200 508 4266 prefatione
515 4202 549 4254 ad
560 4203 617 4255 lrtrt.
628 4204 776 4256 miscalim
792 4237 796 4246 ·
