3017 4859
238 316 304 396 4⁷4
487 331 595 381 nora
619 332 819 382 muronula
844 332 882 381 m
910 333 1091 400 nurnorrr

238 487 342 540 quoqne
350 472 449 523 numeri
456 472 560 538 utrique
572 472 628 523 salai
639 467 712 524 alut.>
728 475 770 524 Vl·
840 476 911 524 Jarr'a
929 473 1084 538 maditoreass
1109 472 1246 537 Optimam
1262 447 1346 538 jrirlr-

238 554 287 598 aet.
305 562 353 599 xv.
361 561 439 598 annos
450 555 534 610 natus,
544 555 574 597 nt
586 548 684 600 Herod.
698 551 769 601 Glor.
809 552 930 615 peritum.
948 553 1018 600 Glar.
1338 561 1342 568 ’

274 629 380 679 xersem
399 641 479 675 eoram
496 626 586 689 regen]
604 628 687 677 Vetus
702 629 770 678 liber
843 628 1001 691 Faoorolilia]
1015 628 1101 677 Mrrlto
1120 626 1233 677 omnium
1251 624 1345 679 farore

240 706 341 768 Xerxem
362 717 410 767 per
435 703 548 765 primam
570 702 770 753 declinationem
808 704 922 753 habitor.
943 704 1012 753 Glor.
1339 715 1345 728 ¹

238 782 289 845 (aio
309 778 420 829 flectunt
443 778 550 840 Greci),
570 779 648 842 idque
668 778 769 829 duobus
843 780 873 828 lu
903 777 998 841 Gallia]
1030 777 1107 841 Apud
1135 776 1343 842 Mogontiacum.

239 857 385 922 conjunctio
406 856 493 905 verbis
516 856 554 904 aio
579 856 771 907 Xeroeeaearam:
812 854 883 903 Glar.
1337 873 1345 882 =

240 948 273 983 ex
285 948 336 997 qua
346 932 430 996 prima
441 932 627 994 depravatione
643 933 772 983 lrorrendn
844 930 953 979 Militari
974 928 1091 992 tumultu]
1116 929 1230 994 Propter
1249 929 1344 979 anemio

240 1014 357 1058 monatra
368 1014 452 1068 enata,
468 1021 526 1071 qne
544 1007 570 1055 in
588 1007 645 1055 aliia
656 1006 771 1058 inveniet
812 1006 956 1055 auaritiam.
976 1005 1046 1054 Glar.

240 1085 321 1134 libria.
349 1084 423 1133 lllum
438 1089 522 1131 tamen
531 1082 670 1132 Persarum
683 1097 772 1147 regem
844 1095 908 1131 xrar.
920 1082 1015 1145 imperii
1025 1082 1262 1146 numidiarum]
1278 1096 1345 1134 1111.

241 1159 403 1225 Lampridius
433 1166 460 1207 et
482 1158 646 1208 Herodianus
676 1157 772 1208 Artax·
811 1157 914 1222 imperii
933 1172 1013 1207 annos
1028 1172 1114 1207 omnes
1134 1158 1253 1208 authorer
1264 1157 1346 1207 Alex·

240 1251 339 1298 errem,
350 1243 424 1300 pato,
437 1237 580 1300 appellant.
599 1235 674 1284 Viaet.
813 1234 894 1283 andro
905 1232 1071 1283 maonbontz
1091 1238 1187 1296 preter
1198 1248 1277 1283 unum
1288 1233 1347 1283 ile-⁸

242 1345 248 1354 ·
275 1312 436 1375 mamm]
454 1313 621 1361 Oalroeaorara
633 1311 772 1362 alEnaeb.
812 1312 957 1371 malianum,
977 1311 1022 1375 qui
1052 1310 1076 1359 ei
1098 1311 1144 1360 dat
1166 1324 1224 1361 xrr.
1250 1311 1347 1362 AEtatia

240 1396 329 1440 tamen
340 1389 453 1437 Xerxem
471 1387 609 1435 Persarum
629 1399 717 1449 regem
735 1386 773 1434 in·
812 1401 892 1438 annor
903 1387 967 1436 mire
984 1386 1093 1437 variant.
1127 1385 1347 1444 Sext.,Aurelina

242 1466 309 1530 quit.
327 1464 399 1513 Glar.
425 1461 598 1512 Herodianus
617 1466 645 1510 et
660 1461 772 1524 xipn'ul-
812 1463 860 1518 dat
878 1464 902 1512 ei
921 1467 964 1513 πθ.
986 1477 1073 1513 annor.
1105 1462 1149 1512 Sic
1171 1462 1346 1513 Herodianna.

241 1554 289 1589 nna
298 1539 469 1598 Artaxerxem,
481 1536 774 1600 Agathinartmrea:
813 1539 939 1605 Egnatium
949 1543 999 1589 ii:
1010 1538 1172 1602 Lampridius
1183 1539 1273 1602 adjicit
1290 1546 1346 1591 trea

241 1616 333 1666 Tariolr
344 1613 498 1666 Solrikkardi
508 1613 625 1662 Ardaelir
643 1619 720 1663 vocat
735 1616 773 1662 in·
813 1630 914 1666 menaea
925 1615 958 1665 ad
969 1619 1009 1665 29.
1021 1629 1110 1676 annua,
1121 1628 1153 1664 ao
1161 1615 1260 1672 ildiea.
1275 1617 1347 1665 Glar.

241 1699 411 1743 stauratorem
420 1689 480 1740 novi
490 1691 560 1753 regni
572 1689 679 1738 Persici.
695 1688 773 1739 Adde
846 1693 895 1742 Dia
907 1691 979 1754 run]
991 1703 1032 1741 ax.
1044 1689 1216 1753 Laropridiua.
1235 1691 1305 1742 Glar.
1322 1694 1347 1742 E

241 1771 304 1820 Var.
327 1770 400 1818 leet.
424 1769 483 1817 Call.
521 1767 674 1816 anam
695 1766 775 1815 etiam
814 1769 965 1833 Lampridio
982 1782 1022 1817 rx.
1039 1769 1072 1817 ab
1092 1767 1272 1832 Harereampo
1291 1770 1351 1820 edi·'

244 1846 376 1910 henprid.
401 1843 478 1895 Alex.
498 1845 557 1893 Ser.
576 1858 599 1892 o.
617 1847 658 1891 55.
677 1846 705 1890 et
721 1841 774 1891 alii.
813 1851 868 1895 tum
880 1853 956 1909 parat
967 1846 1007 1895 Cl.
1019 1845 1164 1908 Grnnerur,
1175 1845 1220 1909 qui
1231 1845 1348 1910 alioquin

243 1921 304 1973 vid.
315 1921 348 1971 ad
367 1921 443 1972 Dion.
459 1936 486 1985 p.
497 1924 554 1970 918.
572 1920 623 1980 rol,
642 1926 672 1967 ut
693 1919 776 1968 Cella·
814 1920 883 1971 uode
904 1921 948 1981 ait,
973 1936 1000 1970 re
1029 1921 1149 1983 ignorare
1171 1919 1277 1970 fatetur.
1299 1923 1350 1973 *Et

244 1998 297 2048 rina
308 1997 442 2058 obterrat,
453 1998 601 2045 Artaearear
611 1995 702 2044 melina
713 1995 776 2043 aeri·
815 2004 896 2045 recte.
931 1996 1024 2045 Nullus
1035 1996 1103 2045 euim
1116 1996 1181 2046 eoo.
1193 1997 1245 2046 Ma.
1260 2012 1349 2063 neque

242 2073 320 2124 bitur.
353 2072 392 2123 Aa
413 2072 446 2121 de
470 2085 590 2121 ancoeaan
618 2070 693 2134 unjua
714 2071 777 2121 belli
817 2076 888 2139 typir
899 2075 1001 2124 exarati
1012 2088 1076 2139 quos
1093 2074 1234 2137 diligenter
1249 2081 1351 2141 omnea‚'

242 2165 332 2215 pamm
355 2150 425 2199 inter
454 2148 595 2211 teriptorea
626 2149 776 2210 convenire,
816 2152 860 2215 qul
878 2165 958 2214 panes
981 2164 1023 2199 me
1044 2157 1114 2213 aunt,
1131 2150 1242 2215 impexi,
1259 2167 1351 2204 anaam

244 2242 309 2292 qnoa
327 2227 441 2287 Baaoag.
461 2226 554 2276 Annei.
576 2225 658 2276 Polit.
676 2226 777 2275 Euclea.
817 2227 939 2290 praebent
960 2227 1111 2276 mutationi:
1136 2227 1182 2276 aod
1198 2235 1351 2279 constanter

244 2301 278 2351 ad
291 2300 360 2351 Ann.
372 2305 429 2351 2³⁰.
453 2301 593 2350 conciliare
612 2302 710 2362 studet,
732 2302 777 2351 ob·
817 2303 858 2351 rel
871 2315 932 2352 vm.
944 2303 985 2351 vel
997 2307 1080 2352 octono
1091 2316 1242 2365 expreaaum
1252 2304 1350 2366 inveni,

244 2384 331 2428 servat
352 2378 392 2428 cl.
404 2378 517 2427 Gruner.
528 2376 574 2425 aed
594 2376 654 2426 ride
673 2376 776 2434 omnino
817 2376 856 2426 nti
868 2385 908 2426 eat
919 2376 988 2440 apud
1000 2377 1080 2437 alioa;
1098 2392 1158 2426 nana
1170 2377 1350 2442 Lampridium

245 2460 335 2504 notata
347 2455 380 2503 ad
392 2454 504 2502 Dionem
515 2453 541 2503 d.
553 2453 572 2500 l.
591 2452 659 2500 Veri.
817 2452 884 2500 diem
894 2452 1063 2500 emortualem
1074 2451 1210 2502 incluaiaae
1221 2469 1253 2503 ex
1264 2454 1351 2519 Pugio

278 2527 445 2590 momoriae]
470 2528 535 2576 Cum
554 2533 645 2576 contra
662 2541 720 2576 eum
740 2528 778 2577 in·
818 2527 887 2576 erit.
907 2528 932 2575 in
952 2527 1022 2577 Ann.
1042 2529 1104 2578 Bar.
1124 2530 1228 2581 Tom.r.
1246 2544 1272 2594 p.
1291 2536 1352 2583 216.

245 2601 778 2663 aamexiaaeotnrllitea‚contumelioecanoa
817 2602 940 2651 observat
963 2603 1003 2653 Cl.
1034 2602 1146 2653 Gruner.
1177 2620 1254 2670 quern
1279 2606 1350 2657 ride.

246 2676 533 2737 romainmoutier,
549 2678 626 2741 volgo
641 2678 779 2742 Hampalcm
822 2679 891 2729 Ver-lt.

246 2757 289 2817 isc.
307 2753 381 2804 Glar.
852 2757 1016 2820 Mammam]
1026 2759 1144 2808 Sororem
1156 2761 1246 2809 matria
1256 2761 1352 2827 Elaga-

258 2827 382 2890 .Scriaii]
399 2827 573 2877 secretorum.
591 2827 660 2878 Glar.
820 2831 879 2882 bali.
897 2834 959 2883 cell.
985 2834 1225 2885 Mamoroeouretinm
1235 2836 1353 2888 aliiaeri·

282 2903 374 2954 Seriuii
384 2902 537 2965 rangirtram]
550 2903 778 2968 Lampridiuaeap.
818 2905 892 2968 bunt,
908 2907 953 2956 aed
966 2909 1103 2970 Mamaeam,
1121 2912 1190 2960 utin
1208 2913 1293 2963 numia
1309 2922 1353 2964 eat

248 2986 290 3031 26.
311 2980 495 3031 ‘consiliarius
512 2979 664 3040 Alexandri,
679 2988 707 3030 et
725 2996 779 3031 ma·
819 2997 866 3046 per
877 2997 961 3032 unm.
980 2983 1044 3048 (vid.
1069 2986 1110 3034 cl.
1126 2986 1300 3052 Havareamp.
1317 2990 1354 3040 ad

250 3056 332 3119 giater
343 3055 440 3114 scrinii,
452 3054 578 3117 Ulpianus
596 3053 676 3104 suinae
695 3058 779 3120 perlai-
820 3058 896 3108 Oroo.
908 3059 926 3108 l.
939 3072 987 3109 vn.
1007 3074 1031 3109 c.
1049 3058 1103 3124 18.)
1130 3061 1274 3125 preferant
1297 3066 1352 3115 alii.

251 3128 345 3179 laetorl
378 3131 421 3179 De
439 3127 517 3178 officii
537 3129 612 3192 hujus
633 3131 732 3180 ratione
751 3140 781 3182 et
819 3135 963 3198 Utramque
975 3137 1103 3187 rationem
1120 3138 1238 3189 admittit
1256 3141 1355 3191 Casan·

253 3202 383 3266 dignitate
409 3206 560 3253 cumulatur
585 3204 723 3255 Salmasius
753 3207 779 3257 in
821 3209 1066 3275 bumadanprid.
1098 3213 1188 3263 Serer.
1209 3231 1232 3264 c.
1250 3220 1274 3267 3.
1291 3216 1354 3267 vide

254 3280 398 3342 Lampridii
419 3279 495 3330 Alex.
511 3295 569 3343 cap.
582 3284 621 3329 tl.
638 3282 682 3330 ubi
701 3283 780 3333 etiam
821 3286 925 3335 omnino
936 3286 968 3334 ad
981 3286 1058 3336 Dion.
1074 3303 1099 3350 p.
1110 3281 1227 3353 m'qni
1240 3290 1354 3351 Marialav

248 3370 340 3419 anper
357 3370 458 3407 mmor
477 3356 605 3422 Ulpianus
625 3359 781 3424 appellator.
822 3366 918 3424 tamen,
944 3363 982 3411 uti
1004 3369 1033 3412 et
1052 3364 1195 3416 Cedrenm.
1231 3368 1355 3419 Peaniaa

253 3432 313 3485 cell.
823 3436 1215 3504 nomooaileniiopreterrnirit.
1236 3442 1308 3497 Vera„
1341 3456 1346 3464 ·
