3017 4859
639 420 724 470 uir.
746 421 789 471 ΙΙ.
844 429 847 438 “
1241 407 1269 476 δ’

161 563 218 639 sit,
233 564 267 627 in
282 567 420 646 querum
433 563 511 627 unad
524 582 603 628 eum
618 563 776 643 hortetur,
798 568 850 643 nt,
867 568 946 650 quie
959 566 1084 651 polleat
1095 565 1262 647 Minerva,

162 665 316 730 Gratiani
338 683 392 728 res
417 671 530 748 gestes
555 665 641 750 stylo
670 673 868 750 exequetur,
895 670 1001 734 etsie
1026 669 1069 734 de
1096 669 1264 753 promisso

144 768 260 851 „quusi
274 766 451 851 appellari,
467 767 556 851 quod
571 769 645 850 ipse
660 768 695 832 in
707 768 773 834 tine
782 770 859 835 libri
869 770 1020 836 ediderit.
1064 770 1172 835 iidem
1186 789 1265 836 vero

163 869 354 954 Symmachi
375 868 569 953 Eutropium
583 869 720 936 Gallum
735 871 839 936 fuisse
852 892 895 937 ex
911 873 980 942 alie
993 872 1150 957 epistola·
1163 871 1265 938 effici·

162 977 232 1048 unt,
251 972 286 1033 in
301 990 372 1053 qua
383 971 574 1036 beec'verbo
587 972 759 1053 leguntur:
783 970 989 1053 ‘Ausonius
1007 976 1056 1039 vir
1070 974 1264 1053 consularis,

163 1071 341 1137 admirator
354 1079 445 1150 tuus,
461 1074 588 1156 scripto
602 1092 645 1137 ex
659 1070 745 1150 Asia
758 1093 863 1159 nuper
876 1076 989 1156 elicto,
1008 1077 1152 1141 mutilari
1166 1094 1264 1158 agros

163 1181 255 1251 suos,
276 1174 335 1256 qui
349 1174 416 1238 tuis
429 1175 682 1259 conjunguntur,
697 1175 850 1259 accepit!
894 1175 936 1244 In
949 1177 1015 1241 boc
1037 1178 1167 1241 scilicet
1185 1177 1265 1242 ioco

163 1296 225 1360 pro
238 1273 331 1353 Asin,
351 1276 576 1359 reponendum
602 1286 745 1354 censent,
762 1275 891 1355 Auscio,
906 1280 986 1363 quia
1009 1283 1138 1350 constet
1157 1280 1267 1344 Auso·

162 1379 255 1442 nium
269 1397 370 1460 egros
391 1377 548 1443 habuisse
562 1396 626 1443 nou
641 1379 674 1441 in
688 1376 788 1456 Asia,
804 1378 866 1444 sed
889 1379 924 1443 in
945 1379 1070 1448 Galliae
1086 1379 1144 1444 ilie
1157 1384 1264 1468 parte

164 1478 213 1545 At
232 1482 342 1546 omnis
363 1481 438 1546 baec
465 1479 650 1563 disputatio
684 1483 807 1547 versari
833 1482 868 1546 in
895 1483 1094 1567 conjecturis
1119 1481 1265 1548 videtin.

165 1579 267 1659 Quod
296 1583 383 1647 enim
405 1584 583 1648 emendant
609 1581 738 1663 Auscis,
766 1604 811 1649 un
835 1585 1062 1650 boc.nomine
1084 1583 1177 1648 dicte
1196 1589 1267 1649 tum

164 1684 260 1749 fuerit
272 1686 347 1749 baec
361 1686 454 1765 urbs,
470 1686 608 1752 dubium
630 1691 690 1751 cst.
735 1684 875 1771 Antiqui
897 1687 995 1765 enim,
1018 1686 1075 1752 vel
1093 1685 1185 1750 iliius
1197 1684 1266 1750 fere

165 1788 276 1851 eetotis
301 1788 492 1872 scriptores,
508 1784 627 1852 Auscis
648 1790 782 1867 hubent,
810 1790 868 1873 qui
894 1789 1096 1854 celeberrimi
1116 1794 1211 1853 erant
1232 1789 1269 1854 in

166 1883 361 1971 Aquitaniae
384 1891 532 1974 populis,
548 1910 716 1975 imumque
730 1897 858 1972 tautum
873 1910 988 1955 eorum
1010 1891 1125 1954 urbem
1141 1887 1268 1975 Augus·

164 1999 230 2054 tam
246 2002 481 2057 commemorat
503 1993 733 2071 Ptolemaeus,⁸
755 1990 874 2058 Melaeh
896 1991 1137 2057 Gliumberrum
1150 1991 1264 2073 prisco

165 2093 312 2158 nomine.
363 2094 405 2158 In
443 2093 621 2161 itinerario¹
658 2095 967 2179 Hierosolymitcrro
1004 2093 1123 2177 iegitur
1157 2089 1268 2158 cicitur

167 2193 301 2258 Auens
322 2216 384 2279 pro
398 2197 531 2275 Ausoiir,
557 2205 594 2264 ut
607 2199 807 2283 reliquorum
823 2199 970 2262 locorum
984 2197 1090 2266 forme
1102 2212 1268 2278 expressa

166 2296 277 2373 docet,
291 2318 353 2381 pro
367 2319 434 2383 quo
449 2302 484 2364 in
497 2301 616 2368 notitia
631 2301 802 2366 civitatum
815 2299 938 2365 Gallice
953 2304 1005 2363 est
1017 2297 1124 2363 dcitur
1137 2297 1269 2362 Auscio-

167 2420 248 2462 rum.
294 2400 427 2467 GentiIe
447 2402 535 2466 enim
554 2403 646 2466 varie
671 2402 813 2479 effertur,
832 2398 939 2478 Ausci,
962 2397 1083 2476 Auscii,
1096 2399 1153 2462 vei
1167 2398 1269 2465 etium

167 2500 340 2581 Αιιιιοιιιιζι,
354 2503 504 2587 utiepud
528 2504 700 2568 Sidonium
712 2497 966 2586 Apollinarem.j
1010 2497 1270 2585 ludefpostena·

169 2609 238 2668 tum
249 2610 301 2671 ost
316 2625 434 2670 nomen
452 2604 564 2681 Aee,
580 2604 672 2689 quod
686 2604 786 2670 focile
798 2604 926 2668 transiit
938 2602 973 2666 in
986 2601 1179 2666 hodiernum
1194 2598 1271 2664 Δια

168 2706 223 2772 rel
236 2704 339 2772 Auci.
383 2707 489 2772 Porro
508 2705 681 2771 Ausonius
696 2725 794 2789 agros
808 2724 887 2770 suos
898 2703 1015 2770 habuit
1034 2705 1069 2768 iu
1084 2698 1270 2780 Santonis,k

168 2809 225 2893 qui
240 2809 284 2873 ab
306 2807 431 2874 Auscis
444 2810 557 2894 amplo
571 2810 745 2893 interjecto
761 2807 872 2892 spatio
888 2807 1023 2883 distent,
1038 2823 1100 2869 uec
1115 2803 1276 2886 intellige·

169 2917 221 2975 tur
233 2911 402 2996 quomodo
417 2910 613 2995 Eutropius,
641 2910 699 2995 qui
718 2911 751 2974 in
765 2907 897 2973 Oriente
911 2909 988 2988 egit,
1003 2924 1102 2987 egros
1115 2904 1272 2972 hebuerit
1304 2971 1306 2976 s

169 3013 204 3076 in
224 3010 340 3077 Gellia
362 3012 507 3077 Ausonii
529 3014 616 3095 agris
631 3011 864 3094 conterminos.
909 3007 1039 3073 Deinde
1052 3026 1118 3072 non
1132 3005 1272 3072 indubio
1344 3014 1346 3016 ’

169 3119 222 3179 est
239 3114 342 3179 lectio
366 3115 508 3179 nominis
533 3112 700 3192 Ausonius,
720 3114 850 3197 quippo
874 3131 933 3194 pro
953 3130 1021 3193 quo
1033 3109 1152 3192 legitur
1171 3109 1272 3174 etium

173 3211 389 3293 Musonianus,
409 3216 511 3281 veluti
530 3217 565 3279 in
592 3216 734 3280 editione
757 3214 871 3279 Purei.
916 3212 1071 3295 Denique
1089 3229 1151 3274 nec
1166 3210 1272 3291 magis

171 3324 324 3384 comtont
349 3320 469 3385 verbu:
491 3318 546 3406 pui
560 3318 619 3382 tris
632 3314 755 3403 (egris)
770 3316 1009 3403 conjunguntur,
1028 3332 1105 3378 cum
1120 3312 1179 3377 ulii
1192 3308 1273 3376 uue-

170 3425 254 3498 rant,
275 3420 330 3505 qui
345 3419 404 3486 tibi
416 3420 609 3508 junguntur,
624 3420 686 3484 etsi
710 3424 847 3503 propter
860 3416 980 3481 ultima
998 3413 1152 3498 epistoiue
1169 3412 1274 3480 verba

171 3525 317 3608 priorem
329 3523 508 3589 lectionem
523 3521 768 3607 praeferendum
784 3521 985 3588 existimem.
1041 3516 1123 3582 Fuit
1136 3513 1272 3598 quidem

173 3623 347 3694 Ausonius
371 3626 546 3710 proconsul
562 3623 657 3690 Asiae
672 3622 979 3709 postconsulatum
999 3637 1099 3704 quem
1124 3617 1272 3701 rescita.

672 3788 779 3842 NO'i'AE

202 3905 274 3958 1ιιι
283 3909 326 3958 41
777 3900 849 3952 ῑιιι.
865 3903 941 3964 2,.41

205 3990 278 4032 ’.ιιι
289 3985 332 4032 54.
779 3978 834 4029 Ῥ.
846 3982 904 4029 too.
916 3973 959 4026 ed.
967 3971 1076 4024 vesosi.

206 4058 360 4110 ‘Ammisn
389 4057 558 4110 birreeibuos
587 4070 636 4109 xv.
662 4060 703 4107 11
773 4052 883 4120 'Epist
894 4065 946 4104 ιιι.
962 4054 988 4101 4.
999 4064 1025 4114 p
1036 4050 1094 4100 ⁴⁸2
1111 4045 1157 4099 ubi
1177 4045 1212 4100 ei
1228 4046 1275 4099 So·

174 4134 241 4200 (44.)
258 4132 301 4186 cf.
312 4134 587 4200 culturensem.
603 4140 659 4186 ent.
666 4139 704 4185 ιι.
743 4145 816 4182 vero.

175 4215 253 4275 ²›·⁸²
466 4248 468 4252 ,
778 4204 850 4258 ici.
862 4204 940 4272 epist.
951 4215 1014 4256 ιιιι.
1026 4206 1067 4256 14.
1083 4207 1112 4254 et
1131 4199 1203 4257 aiibi.

208 4291 305 4340 tren
