3017 4859
249 391 272 458 8
641 406 691 457 nr
709 405 903 462 unrnorro
991 399 1003 418 ·

248 548 338 633 gitur
349 569 412 634 pro
426 545 649 627 neaemias,
665 547 757 633 quod
771 553 805 614 et
818 553 909 614 rocio
922 548 1021 615 hebui
1032 547 1119 615 de.
1132 546 1345 629 Veterum

249 660 282 719 ct
296 661 413 737 prater
422 657 698 718 commentatores
709 650 901 718 emendavit
911 650 1080 718 Heernius
1090 651 1134 718 nd
1150 651 1346 720 testimonia

249 763 397 820 veterum
411 755 453 820 de'
468 752 639 836 Eutropio,
654 753 793 818 editioni
806 754 992 837 prtemissa.
1037 751 1238 848 Habnenpt
1257 755 1345 820 enim

250 857 488 941 Imperatores,
513 857 572 942 qni
595 855 760 944 epistolas
782 845 974 933 scriberent,
1000 856 1035 920 in
1060 857 1180 940 quibus
1200 861 1346 922 mentem

249 978 345 1024 suam
368 966 426 1024 aut
452 960 655 1024 voluntatem
683 958 756 1022 sine
791 957 934 1041 supplici
961 956 1075 1022 libello
1102 961 1160 1022 ant
1186 956 1346 1022 relatione

249 1061 383 1144 publice
404 1060 628 1138 declarabant,
654 1057 787 1124 Ietinis
811 1059 892 1124 dicti
914 1058 1148 1143 Epistolares:
1169 1064 1203 1123 et
1221 1057 1345 1124 diversi

251 1164 294 1227 ab
321 1163 539 1245 epistolarum
567 1162 747 1244 magistris,
777 1161 904 1246 qnippe
932 1163 1048 1245 quiin
1077 1162 1183 1227 sacris
1211 1160 1345 1226 somniis

251 1264 463 1347 epistolarum
476 1264 676 1340 militabant,
692 1269 727 1327 et
738 1263 920 1346 legationes
943 1264 1128 1341 civitatum,
1150 1262 1346 1328 consultati·

249 1384 334 1430 ones
348 1372 382 1430 et
395 1385 512 1450 preces
532 1360 743 1430 tractabant}
784 1365 839 1430 lta
851 1384 931 1432 vero
952 1370 1224 1430 commemoratur
1237 1363 1346 1430 Justi·

250 1468 342 1530 niani
357 1463 596 1552 ὴιστολογράφος
618 1463 821 1530 Plutarchus
836 1485 857 1531 a
872 1465 1030 1545 Godinu,⁸
1042 1473 1075 1533 et
1088 1468 1147 1532 alii
1157 1468 1286 1550 passim
1301 1467 1345 1530 ab

251 1565 338 1631 aliis.
382 1566 437 1630 An
461 1567 550 1631 idem
572 1566 669 1632 fuerit
688 1565 880 1651 Eutropius,
903 1588 1001 1652 quem
1023 1565 1169 1654 portum*
1194 1566 1346 1650 Eutropii

251 1667 440 1733 condidisse
461 1669 577 1732 scribit
595 1665 800 1753 Anonymus¹
830 1668 872 1733 de
886 1670 1141 1753 antiquitatibus
1156 1669 1346 1735 Constanti·

249 1769 462 1853 nopolitanis,
484 1775 517 1834 et
534 1769 750 1854 Imperatoris
772 1761 983 1836 Constantini
1004 1781 1155 1856 tempore
1177 1789 1346 1856 sperma·

250 1869 362 1959 tipus]
380 1880 413 1939 et
438 1870 611 1957 Κοιαίστορα
635 1869 877 1956 (Quaesturam)
901 1875 992 1953 facit,
1014 1874 1151 1939 dubium
1169 1880 1221 1938 est
1247 1878 1282 1938 et
1293 1873 1346 1936 in·

250 1981 390 2039 certum.
434 1973 524 2038 Nam
543 1992 607 2039 non
629 1973 736 2037 solum
750 1974 800 2037 ibi
824 1973 907 2039 Cod.
928 1973 1058 2057 Regius
1071 1975 1105 2040 2.
1120 1976 1219 2058 legit:
1243 1975 1270 2037 b
1288 1975 1346 2045 τοῖς

248 2072 361 2159 χρόνοις
380 2074 501 2152 Ζήνωνος
519 2073 566 2136 καὶ
586 2071 779 2137 ’Avacrauicu
798 2080 852 2136 τῶν
871 2074 1026 2154 βασιλέων,
1042 2077 1102 2140 sed
1114 2084 1149 2142 et
1161 2077 1280 2142 diserto
1294 2077 1346 2140 sic

252 2174 347 2240 affert
372 2173 548 2241 Codiuus.k
592 2175 681 2240 Ante
707 2175 888 2242 Justiniani
913 2183 1021 2243 tamen
1042 2185 1192 2264 tempora
1212 2183 1346 2262 portum

251 2296 294 2343 eu
309 2279 440 2343 nomine
453 2276 560 2343 fuisse
582 2278 680 2344 dccet
701 2278 859 2362 Procopii
881 2281 976 2344 locus
998 2281 1032 2344 in
1052 2282 1141 2346 notis
1165 2280 1346 2345 indicatus.

252 2376 377 2445 Postea
388 2387 500 2447 noster
515 2382 692 2452 comitatus
706 2387 756 2446 est
767 2380 789 2446 J
793 2382 942 2447 ulianum
954 2384 989 2448 in
1004 2382 1217 2466 expeditione
1231 2386 1346 2446 contra

747 2599 855 2653 NOTAE

286 2734 375 2787 *virt
397 2736 550 2788 Lumbecius
571 2738 603 2788 ad
637 2736 730 2790 cuein.
753 2756 779 2805 p.
821 2754 853 2792 rr.
869 2740 947 2791 lettre
956 2743 996 2791 1⁶.
1015 2753 1040 2805 p.
1051 2753 1084 2789 nr.
1094 2741 1151 2788 418.
1166 2734 1220 2803 (ed.
1241 2734 1347 2799 anyer

252 2818 308 2866 1⁰⁰.
325 2813 508 2863 etBandurius
519 2814 552 2863 ad
568 2815 729 2880 Anonymum
749 2817 780 2866 it·
819 2822 892 2869 lm.
901 2817 938 2880 8.)

251 2890 303 2938 inm
316 2905 341 2954 p.
354 2891 410 2938 364.
427 2889 494 2939 Ven.
511 2889 653 2953 quinotat,
670 2891 697 2940 in
713 2892 779 2943 Cod.
850 2895 858 2930 ¹
873 2908 915 2945 ιιι.
927 2907 952 2958 p.
963 2896 1003 2943 52.
1014 2889 1105 2957 (Vsu.)

251 2965 781 3034 Region.tegimaoppdporfflnititnior,
850 2968 1084 3034 tummeodpur
1114 2966 1209 3032 purim
1236 2980 1347 3017 commc-

251 3043 433 3107 inscripticner
445 3041 519 3093 facit.
551 3044 603 3093 Sed
611 3042 720 3107 excidit,
727 3046 781 3110 opi·
819 3055 934 3097 moratur
945 3047 978 3096 ab
997 3045 1088 3095 iisdem
1099 3042 1255 3104 auctoribus,
1275 3049 1301 3091 et
1312 3039 1346 3091 in

249 3135 307 3183 nor,
319 3118 367 3183 dri,
378 3120 536 3185 accersitque
547 3128 609 3185 post
621 3122 763 3187 corruptio.
820 3121 972 3173 officialibus
992 3120 1088 3171 Palatii
1111 3118 1349 3181 Constantinopoli·

283 3196 370 3245 ovid.
386 3196 429 3245 Du
450 3196 546 3246 Prosus
567 3198 644 3261 glore.
662 3197 687 3248 b.
709 3212 735 3248 v.
752 3206 781 3248 et
820 3198 1183 3263 taniponitnrnt'cdinocep.
1195 3193 1348 3259 uadem

252 3270 394 3322 (lutherius
402 3269 436 3320 ds
446 3269 538 3322 officiis
555 3272 644 3324 domus
656 3271 780 3339 Augustas
820 3274 909 3325 docuit
920 3274 1031 3334 Gonnus,
1044 3272 1194 3337 spatharios
1203 3285 1261 3321 eree
1269 3269 1349 3320 satel-

241 3361 282 3398 ur.
294 3351 336 3398 21.
820 3350 891 3414 liter,
905 3350 990 3414 put«
1000 3363 1062 3398 ears
1073 3354 1193 3409 armatos,
1203 3348 1284 3412 ipram
1295 3359 1349 3408 sps·

285 3421 670 3476 ‘Vid.Gntireriurc.l.1.2d.
691 3425 780 3476 nbide
820 3425 1135 3490 tdumglrdinrnletiorem
1151 3422 1277 3488 (gladium
1294 3436 1349 3472 me·

251 3501 300 3552 boc
321 3501 469 3551 discrimine
487 3502 596 3566 monuit,
615 3508 644 3553 et
662 3502 780 3568 inprimis
815 3502 900 3566 jurem
920 3509 996 3552 voert
1016 3502 1142 3566 vegetius
1160 3513 1191 3550 ιι.
1201 3496 1254 3562 1⁶.)
1270 3497 1314 3563 qui
1332 3513 1350 3549 ι

250 3578 284 3629 de
295 3579 397 3628 iilorum
409 3577 495 3628 officio
505 3591 549 3628 ιιι.
560 3582 586 3628 4.
820 3579 1008 3630 recentioribus
1023 3576 1127 3627 cretius
1142 3587 1168 3626 et
1186 3574 1258 3625 croti
1275 3588 1348 3626 voce·

283 3656 356 3705 &De
365 3654 457 3719 origin.
468 3653 633 3706 Constantia.
643 3670 668 3718 p.
678 3659 720 3706 bl.
820 3662 870 3705 tur.
902 3654 962 3705 vid.
977 3661 1005 3705 et
1021 3655 1067 3705 Du
1079 3655 1176 3704 Presue
1187 3654 1213 3702 in
1225 3649 1348 3718 glossario

285 3729 596 3796 ¹'Hujusportuspiures
605 3725 780 3859 meminerupt
819 3729 1011 3781 medie-Latin.
1041 3728 1090 3779 rub
1120 3728 1226 3778 vocibus
1255 3728 1348 3778 Proto·

187 3837 196 3848 -
252 3808 404 3873 posterioris
413 3807 463 3856 mvi
472 3814 598 3857 auctores.
609 3809 695 3874 Prope
704 3809 780 3859 Cha·
820 3806 966 3870 spatharius
977 3812 1004 3855 et
1015 3804 1180 3869 spatharius,
1190 3811 1218 3856 et
1229 3803 1348 3854 Lubbenr

251 3884 377 3934 cedonem
394 3882 474 3934 fuisse
497 3883 605 3933 discitur
626 3899 658 3934 ex
678 3885 781 3936 zonara
819 3881 846 3931 in
857 3881 926 3931 notis
937 3879 969 3928 ad
980 3880 1058 3928 Mictr.
1076 3878 1187 3943 oryesm
1204 3877 1298 3929 Annei.
1315 3878 1348 3930 P.

250 3972 310 4014 nv.
330 3963 370 4010 14.
387 3972 437 4009 nou
458 3960 548 4023 procui
568 3961 601 4010 ub
630 3959 780 4012 Heracon
819 3959 845 4008 4.
864 3960 957 4021 pass.
973 3951 1117 4022 (edven.)

251 4035 382 4102 Procopio
402 4035 435 4085 ds
454 4033 525 4086 eur.
546 4050 565 4087 r.
586 4039 626 4086 ll.
660 4037 703 4087 Do
728 4037 780 4088 iitu
851 4030 921 4082 *De
942 4032 1035 4096 origin.
1054 4019 1190 4082 confiunt.
1208 4043 1232 4080 c.
1248 4029 1267 4077 1.
1284 4043 1347 4094 pag.

251 4114 309 4179 ejas
331 4119 452 4164 scemate
473 4111 597 4176 exposuit
616 4112 717 4177 (ipitius
746 4111 780 4164 de
818 4113 858 4160 td.
877 4106 913 4158 cf.
929 4107 1008 4157 etiam
1025 4106 1171 4157 Banduriur
1191 4105 1224 4157 ed
1242 4104 1348 4169 Aney-

251 4191 388 4256 Bosptroro
405 4190 514 4241 ‘Ibracio
532 4202 574 4239 ιιι.
589 4191 632 4241 dl.
648 4188 683 4240 ci.
700 4188 780 4241 etiam
819 4199 888 4237 munt
898 4186 969 4237 ilium
980 4200 1006 4251 p.
1016 4189 1073 4237 m.

250 4265 404 4321 Tonruefort
418 4267 527 4332 voyage
544 4265 580 4317 du
591 4267 690 4318 Leuant
705 4265 781 4318 Tora.
