3017 4859
228 379 277 449 M
630 397 701 448 *nn
725 399 914 449 remorre

231 564 310 610 cum
325 541 509 622 infinitiro;
532 542 587 606 cni
601 543 738 626 quidem
760 543 870 606 simile
886 542 1014 608 addunt
1037 542 1154 627 aliqui,
1180 542 1237 608 ubi
1256 561 1331 626 pro⁴

231 646 394 723 mittentes,
405 666 465 729 per
477 666 508 708 sc
530 665 617 708 omine
630 654 782 709 cenoman
794 642 1006 729 ιἠιρίιτιιᾱκηιῤΙ
1021 665 1080 729 pro
1094 644 1270 728 Impletum
1281 646 1333 710 iri.

232 748 273 814 lu
287 749 457 812 verborum
473 746 586 811 formis
601 749 708 811 rarius
723 749 766 811 ab
786 767 852 811 usu
865 747 997 811 Latinae
1011 748 1132 830 linguae
1147 746 1285 824 recedit,
1300 752 1334 810 et

231 869 344 934 pauca
359 855 497 925 tautum,
520 867 583 912 nec
604 851 670 912 nisi
690 852 725 913 in
739 851 858 932 paucis
873 847 1059 913 codicibus
1084 850 1239 932 exempla
1257 868 1334 932 pro·

233 956 332 1027 stant,
348 951 405 1013 ubi
419 948 576 1014 Graecam
600 951 863 1015 terminationem
888 950 1079 1033 praetulisse
1094 949 1257 1028 videatur,
1279 969 1335 1013 re-

230 1052 292 1117 luti
319 1049 554 1131 Mithridaten:
585 1048 746 1129 arescent
780 1050 931 1130 Karrea,⁸
969 1049 1120 1129 Oroden,h
1158 1048 1336 1129 Scanatus}

234 1151 483 1238 Fortissimae*
521 1151 672 1221 Amnon}
725 1153 840 1218 Verba
866 1163 975 1219 antem
1010 1155 1087 1237 ipsa
1111 1153 1236 1219 Graeca
1268 1152 1335 1217 dno

232 1262 360 1321 tantum
383 1262 569 1332 occurrunt,
592 1252 772 1332 &knew
794 1262 828 1318 et
861 1254 1011 1337 sopiens?
1039 1275 1177 1338 quorum
1199 1254 1337 1338 quidem

233 1357 470 1422 admixtionem
485 1366 627 1423 excusat
641 1359 880 1443 explicationis
896 1377 1001 1422 cansa
1015 1365 1051 1421 et
1064 1359 1116 1421 ris
1130 1357 1335 1422 luculentior.

235 1459 273 1524 Si
282 1461 465 1524 interiorem
481 1460 671 1524 consideres
681 1462 842 1526 orationis
850 1462 990 1526 termam
999 1464 1033 1524 et
1048 1459 1179 1524 dicendi
1194 1459 1338 1523 indolmr

233 1565 460 1646 repetitiones?
494 1563 620 1644 passim
645 1583 756 1628 amare
785 1564 926 1641 videtur,
952 1581 1020 1647 qua
1041 1563 1084 1626 de
1106 1581 1212 1627 causa
1235 1562 1335 1627 etiam

226 1672 459 1748 penetraturum
487 1661 630 1742 Fabium
660 1665 745 1743 dies:
784 1663 1109 1749 bellum-deinceps
1140 1663 1264 1748 posita,
1288 1668 1337 1727 to-

232 1759 407 1831 lerantur.¹
433 1763 498 1829 Hic
517 1775 550 1831 et
574 1768 615 1831 is*¹
638 1789 729 1852 saepe
749 1772 785 1833 iu
809 1768 1010 1833 narrationis
1038 1766 1267 1852 progressione
1295 1764 1339 1829 de

232 1867 348 1933 eodem
361 1868 493 1933 homine
505 1871 610 1952 pouit.
655 1870 702 1934 At
721 1871 888 1953 eleganter
909 1871 1000 1936 facto
1019 1869 1167 1953 ejusdem
1181 1868 1273 1933 verbi
1290 1867 1339 1931 in·

231 1978 395 2036 cremento
423 1972 534 2055 ipsam
560 1974 608 2036 rei
633 1975 858 2037 intentionem¹
884 1973 964 2037 alibi
998 1972 1135 2037 infficat.
1200 1970 1335 2034 Passim

235 2072 335 2135 etiam
349 2075 443 2156 ipsas
458 2093 511 2137 res
525 2074 636 2138 verbis
656 2075 872 2159 formalisque
888 2073 1117 2158 grandioribus
1132 2079 1167 2138 et
1179 2073 1337 2137 illustrio-

233 2173 326 2237 ribus
352 2174 510 2240 declarat.
556 2176 613 2240 Sic
633 2175 735 2239 orbem
757 2187 912 2240 terraram
931 2174 1108 2260 adficere!
1134 2171 1233 2237 delere
1250 2193 1337 2237 eter-

235 2274 339 2354 ct'tus‚⁸
358 2296 454 2361 genus
477 2276 660 2340 humanum·
684 2277 726 2341 de
753 2277 930 2356 Romanis,
953 2278 1007 2342 rel
1028 2278 1087 2361 qui
1109 2277 1172 2341 sub
1196 2276 1335 2360 imperto

234 2373 388 2442 Romano
403 2385 513 2462 agunt,
539 2400 582 2445 ex
606 2383 742 2445 notione
768 2381 858 2445 orbis
884 2389 1056 2457 terrarum,
1077 2379 1132 2443 vel
1154 2379 1204 2444 uti
1225 2383 1348 2458 amtor,

232 2480 331 2543 etiam
358 2479 470 2559 habet,
496 2481 578 2546 orbis
604 2479 781 2552 Remota?
826 2481 979 2565 infinitae
1007 2482 1049 2546 (le
1075 2498 1196 2563 magna
1229 2498 1337 2546 rerum

237 2580 458 2661 multitudine,
473 2590 507 2648 et
520 2584 674 2676 quadarn
690 2585 769 2661 alis,
784 2603 862 2668 quse
876 2591 1049 2668 praetereo.
1094 2580 1184 2645 Nam
1197 2580 1280 2645 satis
1294 2598 1338 2645 ex

235 2682 290 2760 ils,
306 2703 384 2766 quse
399 2683 453 2749 bic
468 2687 626 2768 produxi,
646 2693 683 2750 et
695 2688 730 2750 in
742 2687 827 2770 ipsis
841 2687 931 2751 notis
943 2684 1212 2761 commemorari,
1232 2699 1341 2765 appa·

237 2803 309 2849 rere
323 2786 475 2865 arbitror,
501 2807 570 2870 quo
591 2788 723 2854 dicendi
746 2807 860 2871 genere
883 2788 1048 2872 modoque
1069 2805 1151 2850 usus
1165 2786 1209 2848 sit
1222 2783 1340 2848 Eirmo-

236 2885 488 2967 piaesentem
502 2891 648 2974 antiquae
671 2891 781 2956 astatis
802 2890 999 2973 elegantiam
1020 2889 1055 2951 in
1068 2907 1108 2952 eo
1122 2885 1340 2971 speetaudam

233 3004 320 3064 esse,
336 3007 437 3070 quam
451 2992 651 3056 narrationis
673 2996 802 3056 tenuem
822 2990 1070 3076 simplicitatem
1082 2995 1117 3054 et
1129 2987 1340 3072 perspicuam

234 3087 427 3158 brevitatem
462 3111 636 3177 rerumque
661 3094 909 3159 utilissimarum
933 3091 1092 3176 exposita
1118 3090 1236 3156 tabula
1256 3106 1339 3155 con·

234 3188 365 3256 clusam
380 3191 569 3276 imaginem.

737 3359 847 3412 NOTAE

262 3484 274 3520 ⁴
290 3499 310 3537 ι.
321 3490 362 3539 ld.
836 3497 849 3533 r
866 3501 906 3540 rx.
918 3494 986 3539 8.-¹
1001 3502 1044 3539 ur.
1056 3493 1096 3540 1⁰.

262 3569 274 3596 ⁶
289 3576 327 3613 vr.
338 3560 406 3613 8.-‘
419 3575 456 3614 vr.
466 3567 505 3614 lt.
837 3575 846 3600 ⁸
864 3581 913 3617 vir.
920 3568 1002 3618 21.-¹
1016 3579 1069 3618 err.
1079 3570 1105 3616 9.

263 3645 276 3682 ⁸
292 3636 449 3690 rnen-'¹
464 3644 549 3692 vult.
836 3650 848 3677 ⁸
864 3656 914 3694 vu.
924 3646 966 3704 lt,
975 3646 1015 3693 21.
1025 3649 1053 3692 et
1063 3640 1136 3692 alibi.

262 3711 270 3747 ¹
286 3713 394 3765 meet
410 3719 494 3767 rma.
837 3725 850 3753 ¹
867 3732 906 3769 rx.
918 3724 987 3770 det
1005 3731 1068 3768 rur.
1078 3723 1104 3767 t.

204 3847 211 3855 .
262 3786 407 3842 ¹V¹⁴⁸·-¹
423 3804 485 3844 rru.
493 3796 532 3843 1⁰·
836 3803 847 3830 ⁸
862 3809 894 3845 ιι.
907 3798 976 3849 1.-·
992 3797 1103 3844 vrinlb.

260 3872 274 3899 ¹
289 3878 318 3916 1.
328 3868 353 3917 8.
836 3869 848 3906 b
864 3885 916 3921 vrr.
929 3874 969 3922 16.
985 3883 1047 3921 rur.
1057 3874 1082 3920 ⁶.

261 3948 275 3983 Ρ
289 3955 328 3992 vr.
339 3946 379 3995 19.
395 3957 444 3996 ru.
453 3949 477 3995 9.
497 3956 538 3996 rx.
549 3948 574 3996 8.
836 3953 847 3981 ‘
861 3961 881 3998 r.
893 3950 916 3998 8.
926 3973 959 3984 -
