3017 4859
258 321 327 394 tlt
512 337 705 392 ascensus
725 335 897 388 oonrcorr
921 336 1100 406 roraoru
1172 359 1175 366 ·

261 489 342 555 siec.
355 501 422 553 xv.
434 485 556 552 'collat
570 483 613 552 nd
626 503 752 569 paucas
767 501 864 568 pagg.
878 481 1031 550 editioms
1045 481 1185 550 Henriei
1199 476 1358 570 verheyk
1502 465 1503 512 ἒ

261 607 345 674 queo
353 588 507 673 Lugduni
524 588 643 653 Butav.
656 587 744 653 edita
756 595 810 652 est
823 586 919 653 1762.
990 681 1003 695 Δ
1502 591 1503 630 i

574 837 577 838 ⁷
638 761 763 830 Codices
780 761 974 830 oxonienses.

287 881 386 951 coe.
402 883 469 949 Me.
485 881 635 967 Eutropii
647 883 734 946 inter
745 882 847 960 codd.
861 881 952 947 Guil.
966 880 1075 946 laudi
1088 879 1248 966 drobisp.
1261 879 1358 949 Gon.

261 992 346 1058 tuan.
357 986 393 1051 iu
409 982 604 1070 Bibliothecn
620 981 807 1048 Bodleiano.
826 1035 829 1046 .
850 984 1026 1061 Continet„
1038 985 1126 1048 iuter
1144 984 1214 1049 ulia
1234 983 1359 1061 musta,

260 1085 415 1171 Emopti
438 1086 617 1171 Epitomeu
637 1085 801 1152 Romnum
827 1085 918 1151 Hist.
944 1085 1019 1149 Lib.
1044 1100 1084 1148 x.
1105 1084 1229 1168 Seript
1247 1081 1359 1152 ml).

262 1189 359 1262 1460.
374 1209 436 1273 per
449 1188 646 1254 monachum
658 1186 824 1271 quendam
837 1185 861 1251 J
862 1205 1001 1252 oannem
1018 1186 1253 1271 Mexylyncke.
1344 1225 1349 1241 ·

302 1287 404 1358 Alius
417 1292 452 1355 in
465 1289 601 1355 Seldeui
623 1287 781 1354 Archivis
794 1290 829 1351 in
848 1285 999 1351 Bibliotl.
1016 1286 1112 1351 Bodl.
1133 1287 1358 1373 amplectitur,

261 1390 594 1474 eumaliisplurimis,
606 1387 760 1473 Eutropii
772 1388 937 1454 deGestis
947 1388 1356 1460 Romsommrsuroex.

261 1513 337 1562 cum
350 1493 450 1558 Pauli
464 1489 654 1556 casinensis
667 1492 821 1556 monachi
834 1492 1075 1558 additamentis.

224 1658 234 1680 ,
261 1634 270 1645 -
302 1591 424 1662 Adduo
438 1590 529 1677 quod
549 1593 585 1657 in
599 1592 820 1679 Collegiomm
834 1593 944 1659 Oxou.
957 1594 1165 1660 bibliothecis
1178 1611 1361 1660 assensum

261 1702 318 1762 tur
328 1698 469 1782 quatuor
492 1694 591 1759 codd.
611 1694 697 1760 Mss.
712 1695 884 1779 Eutropii:
905 1716 1023 1780 nempe
1035 1714 1131 1760 *unus
1153 1695 1187 1759 in
1204 1691 1355 1781 collegio

261 1792 617 1876 nomentanum
643 1794 863 1876 Lincolnr'euei,
886 1799 1010 1874 tertius-
1024 1798 1061 1863 in
1084 1795 1295 1883 Mogdclerui,
1319 1802 1355 1862 et

262 1902 400 1982 quartus
421 1897 455 1961 in
477 1897 682 1963 bibliotheca
707 1895 791 1961 Novi
818 1895 984 1984 Collegit..
1013 1898 1063 1963 Hi
1086 1917 1159 1978 sex,
1183 1916 1250 1964 una
1273 1915 1355 1962 cum

261 1998 332 2063 elio
356 1995 516 2062 Messalae
536 1996 685 2076 Corvini,
709 2000 768 2082 qni
789 1998 824 2062 in
851 1999 1054 2064 bibliotheca
1081 1996 1217 2085 Collegit*
1227 1995 1355 2063 Linecl·

261 2097 374 2193 oriensis
401 2106 467 2175 est,
497 2103 624 2183 septem
658 2100 735 2165 illos
771 2097 869 2164 codd.
903 2100 1100 2165 constituunt
1132 2098 1356 2178 oxonienses,

260 2199 398 2282 quibus,
412 2204 449 2263 ut
461 2201 586 2266 criticis
600 2207 636 2265 et
648 2200 886 2283 bibliograpbis
899 2205 1125 2281 memoratum,
1145 2199 1230 2266 Tho.
1245 2198 1355 2268 Hear-

261 2299 337 2366 nius
349 2318 431 2365 usus
444 2305 511 2365 est:
526 2300 891 2368 diversorumnimirum
904 2303 1101 2368 seculorum
1111 2307 1145 2366 et
1156 2301 1354 2385 proborum:

262 2406 299 2468 at
309 2420 424 2468 omncs
438 2402 551 2467 varies
568 2402 727 2469 lectiones
738 2421 785 2468 ox
795 2402 926 2482 iisdem,
948 2408 985 2468 nt
997 2403 1101 2469 etiam
1114 2423 1160 2469 ex
1172 2421 1239 2467 uno
1255 2401 1353 2471 Gelei

232 2563 236 2570 .
260 2500 404 2570 conob.
417 2503 553 2584 collegit
564 2502 606 2568 cl.
621 2502 727 2568 editor
741 2503 920 2586 Hearnies,
932 2512 968 2570 et
986 2505 1141 2590 quisquis
1163 2522 1231 2572 ees.
1245 2504 1354 2572 curio·

261 2602 331 2667 sius
345 2604 431 2668 scire
445 2601 539 2681 velit,
560 2603 709 2669 consulet
727 2623 772 2669 ex
793 2625 929 2672 necesse
949 2607 1088 2672 nib‘dem
1108 2612 1141 2670 et
1155 2604 1355 2681 emendatis·

260 2702 381 2770 umam
393 2702 484 2770 illan
497 2700 653 2786 Eutropii
663 2703 842 2770 editionem
854 2705 981 2772 oxonii
994 2726 1154 2772 excusam
1169 2707 1267 2772 1703,

261 2861 266 2874 .
305 2801 360 2872 De
373 2803 490 2874 codice
505 2802 829 2891 Magdelensisupra
839 2807 1032 2889 dicto‚inter
1045 2809 1131 2874 ulios
1142 2807 1353 2878 oxomum

263 2925 286 2971 a
298 2903 433 2971 'l'bomu
446 2904 595 2976 Hearnio
609 2926 703 2991 seepe
714 2915 910 2989 memorato,
931 2911 1079 2975 animum
1097 2910 1201 2976 subiit
1221 2908 1354 2988 dubita-

262 3007 563 3074 ticauinbibliotb
573 3005 688 3090 Mugd.
698 3028 786 3073 nnnc
797 3018 1137 3078 reveraoouservutus
1147 3012 1211 3080 sit:
1226 3011 1353 3096 quippe

260 3105 762 3189 uoe‘cpudeoniamoodices
772 3112 965 3178 consulendi
971 3132 1083 3192 causa,
1094 3133 1200 3197 nuper
1207 3123 1353 3180 winno-

260 3211 361 3283 ratos,
373 3206 449 3272 aliis
462 3210 574 3272 multis
588 3210 762 3276 codicibus
775 3211 947 3295 inspectis,
961 3213 1015 3280 bic
1029 3211 1175 3298 quodam
1185 3233 1268 3284 casu
1281 3233 1354 3278 orn·

262 3304 341 3369 uino
351 3304 471 3388 effugit.
487 3305 534 3371 At
544 3308 677 3391 quidem
690 3328 753 3375 nos
763 3313 916 3378 certiores
927 3313 1068 3378 reddidit
1077 3314 1212 3382 Praenes
1227 3313 1354 3382 doctis·

261 3408 368 3474 simus
379 3406 497 3491 Mago.
509 3407 596 3475 0011.
611 3407 659 3472 Μ.
672 3408 705 3475 J.
721 3408 846 3491 Routb,
860 3412 945 3477 S.T.
955 3413 996 3478 P.
1004 3414 1053 3480 ibi
1066 3420 1181 3481 extare
1192 3417 1280 3484 bunc
1294 3436 1354 3486 00-

259 3507 383 3583 dicem.
426 3507 475 3576 Ut
487 3510 618 3578 videtur
631 3529 675 3576 ex
684 3510 919 3596 descriptione,
934 3515 1023 3599 sepit
1036 3517 1270 3603 antiquitatem,
1284 3535 1353 3582 non

263 3610 402 3676 multum
417 3609 589 3677 dissimilis
604 3612 680 3676 uliis
689 3615 761 3697 jam
775 3614 964 3700 descriptis,
987 3617 1229 3702 sicincipiens,
1249 3618 1352 3688 ‘Pri-

260 3730 339 3784 mus
361 3712 397 3776 in
417 3710 540 3789 Italia:
561 3716 622 3778 &c-
646 3714 793 3780 similiter
817 3723 917 3801 atque
939 3717 1018 3783 edit.
1045 3717 1193 3802 Froben3
1221 3725 1351 3803 postea,

261 3830 382 3895 nempe
393 3813 502 3897 ipsius
517 3813 669 3900 Eutropii
683 3817 746 3880 sub
761 3817 866 3897 initio,
883 3818 1039 3884 ‘Primus
1052 3820 1171 3903 igiter}
1181 3824 1241 3886 &c
1262 3821 1353 3890 utn-

263 3916 333 3976 tum
347 3912 530 3998 discrepat,
554 3918 602 3981 eit
617 3919 667 3982 vir
681 3917 811 3998 doctus,
829 3921 884 3985 hic
909 3920 1019 3988 codex
1043 3941 1065 3985 a
1086 3930 1233 3988 recenter
1245 3923 1355 3992 editis·

263 4010 431 4078 Nimirum
451 4016 684 4083 additamentis
699 4019 797 4084 Pauli
813 4021 957 4087 Diaconi
977 4023 1060 4086 mire
1074 4022 1296 4106 interpolatim
1305 4023 1353 4090 le·

260 4110 507 4199 situnidquod
518 4117 769 4187 deoditionibus
777 4122 1023 4214 antiquioribus
1033 4141 1096 4194 uos
1106 4123 1354 4202 certiorosteeit
