3017 4859
246 379 311 445 468
492 394 601 442 nore
627 379 828 440 vationum
853 387 894 437 tu
921 387 1099 440 uurnoru

247 535 325 598 Vide,
338 533 381 585 ubi
394 534 427 583 de
437 539 521 583 morte
532 533 631 583 severi.
649 531 717 582 Glor.
816 537 874 583 214.
892 533 961 584 Giur.

280 615 344 662 Num
355 612 419 660 Gttu
433 610 508 659 bostis
519 609 637 674 publices]
660 610 721 660 Hoc
735 624 779 659 ue·
829 633 832 640 ·
849 608 1006 670 Moromsere
1017 614 1170 674 paternorum
1180 605 1246 670 suit]
1261 605 1355 655 Seele-

246 706 300 751 mo,
312 688 380 754 quod
391 687 597 748 scism,suribit:
614 687 660 737 sed
672 702 686 735 a
696 687 779 737 frutra
816 694 888 736 ratus
906 684 1042 734 Caracalla
1054 683 1152 734 occidit
1163 690 1295 747 praeteres
1304 695 1356 744 ps-

247 765 371 815 Baasiuuo
392 761 491 813 occisus
514 769 555 813 est
582 778 662 827 suprs
688 765 778 813 matris
818 760 1025 811 trneienrdfrurn
1034 757 1357 825 Pompeianorum·

247 845 346 905 pectus,
366 838 570 900 eminuisset,
590 853 621 888 se
638 852 696 888 eoin
715 837 778 888 nihii
815 837 918 901 iosophi
934 852 967 887 ex
988 836 1042 887 tilia
1063 844 1201 900 nepotem:
1226 833 1355 897 Pupinia'·

246 919 299 967 tsie
319 921 506 980 expectantem
530 916 674 966 invasisset.
707 916 779 965 Giar.
812 925 886 976 unm,
905 915 1082 982 Jurisasyirrur
1098 925 1129 963 ec
1145 911 1233 975 iegsiis
1250 910 1354 960 doctri·

246 992 305 1043 Hoc
316 989 495 1051 neurusorssu,
505 997 602 1055 preter
610 991 779 1053 Spanianum
815 1007 855 1040 ure
868 993 1014 1041 thesaurum
1024 1008 1031 1041 :
1042 991 1106 1040 item
1114 989 1276 1051 Petronium,
1284 986 1352 1037 item

245 1066 274 1116 iu
286 1066 711 1128 Cancallscap.l.siiusdixerit.
735 1067 779 1115 ln·
815 1067 955 1130 Papiniani
977 1066 1067 1129 fitium,
1094 1073 1120 1115 et
1139 1064 1283 1130 promiscue
1302 1063 1352 1127 qui

246 1142 374 1193 terfeetus
393 1141 461 1192 euim
480 1149 520 1192 est
538 1142 713 1192 Getsiusiuu
726 1156 778 1191 urs·
816 1143 892 1193 θείω
921 1141 1015 1190 t‘svisse
1042 1142 1210 1191 dicebantur:
1237 1138 1353 1203 denique

246 1219 301 1268 tris.
312 1216 438 1282 xiphilin.
450 1224 478 1268 et
486 1217 629 1269 Herodian.
642 1218 701 1268 Geli.
717 1218 778 1269 Vid.
816 1211 962 1268 Pertinacis
973 1217 1136 1281 imperatoris
1145 1217 1236 1267 filium.
1268 1214 1355 1266 Aiax-

246 1293 412 1344 hicGruuer.
817 1292 898 1343 undro
921 1293 1018 1358 Magno
1042 1293 1131 1342 similis
1151 1291 1234 1341 rideri
1256 1290 1354 1352 votuit,

279 1370 399 1420 Cardo.
420 1369 780 1432 M.igitarAsreiiusAstosi·
816 1384 847 1419 se
865 1370 952 1433 Syiloe.
986 1367 1151 1432 Aiexsndriae
1180 1368 1205 1418 iu
1233 1366 1352 1432 AEgypto

245 1462 290 1497 nus
301 1447 441 1511 Bassianus]
467 1447 558 1497 Vincit
574 1454 667 1497 natura
685 1449 727 1497 rel
738 1462 779 1497 ar·
817 1459 924 1509 maguus
954 1444 1041 1495 eredes
1072 1443 1146 1494 fecit.
1177 1443 1295 1493 Tandem
1321 1442 1351 1491 in

247 1530 299 1574 tem
311 1523 352 1571 rel
363 1523 525 1586 iudustriam,
544 1525 565 1572 si
578 1524 661 1587 gratia
672 1523 723 1574 uer
733 1523 779 1573 ds·
817 1521 1007 1584 Mesopotamia
1025 1533 1128 1570 snorum
1144 1518 1238 1569 frende
1254 1518 1351 1568 merito

245 1598 379 1649 stituatur.
412 1600 488 1651 Quod
500 1600 527 1649 iu
538 1602 587 1650 hoe
605 1601 730 1651 Bassiano
741 1600 779 1649 ui·
816 1611 898 1646 caesus
907 1604 956 1646 est.
969 1595 1040 1645 Glur.

146 1693 148 1696 ·
201 1727 214 1739 „
246 1675 295 1724 uris
318 1675 417 1726 clarum
446 1675 538 1726 evasit.
572 1676 624 1726 Hic
652 1683 681 1727 nt
713 1691 780 1740 puer
849 1671 1019 1734 Putemus]
1035 1671 1132 1722 Eadem
1148 1668 1352 1720 crudelitatem

246 1748 365 1801 omudius
376 1750 426 1802 fuit
436 1753 537 1814 warns,
549 1751 586 1802 ita
594 1754 620 1801 iu
630 1753 779 1802 adulescen·
817 1750 919 1798 saevitis
930 1747 1066 1813 praeditos,
1083 1762 1134 1812 qus
1145 1746 1350 1811 paterSererrrs.

247 1827 284 1877 tiu
305 1821 474 1891 ejus‘videri
494 1830 590 1892 potuit,
611 1830 687 1894 eujus
709 1836 780 1880 esset
818 1826 889 1875 Giur.

245 1909 362 1951 natnrae:
380 1899 511 1952 druideiiur
530 1918 640 1968 neroque
656 1904 780 1955 continuo
801 1907 811 1926 ¹
849 1900 960 1962 moeri,
978 1915 1030 1964 pm
1049 1897 1228 1962 Antoninianae]
1248 1897 1351 1948 Omnes

246 1978 316 2028 visus
327 1983 375 2027 est.
407 1979 454 2026 Vir
464 1978 557 2028 deinde
570 1971 664 2041 iaetus,
676 1986 780 2043 patrem
817 1977 899 2026 nostri
921 1977 978 2025 libri
998 1975 1060 2026 licet
1074 1976 1112 2025 its
1131 1973 1252 2034 habeant,
1271 1980 1300 2022 et
1310 1973 1352 2024 its

246 2052 339 2101 retulit
370 2051 484 2116 vafricia,
518 2052 673 2103 enrdelitate
696 2054 779 2105 ‘etiarn
817 2049 866 2115 iegn'
879 2051 970 2114 possit,
982 2059 1068 2100 tumen
1078 2064 1125 2113 pro
1137 2050 1226 2098 inmari
1237 2046 1351 2099 fortusse

246 2129 475 2191 longesuperavit,
491 2130 566 2180 initio
585 2130 656 2182 facto
669 2131 780 2182 ssrstre
817 2129 958 2190 scripserat
969 2126 1111 2191 Eutropius
1128 2126 1279 2175 thermarum.
1303 2125 1351 2174 Vi·

246 2202 325 2264 Geta,
344 2218 420 2267 quern
440 2212 533 2255 contrs
543 2207 585 2270 jus
596 2214 624 2258 et
635 2206 673 2257 fus
685 2207 710 2257 iu
722 2208 780 2257 sinu
817 2204 851 2252 de
862 2203 1026 2267 spartianum
1038 2202 1071 2252 de
1087 2201 1218 2252 Antoniuo
1228 2201 1353 2251 Caraca}-

246 2277 337 2327 matria
353 2279 461 2342 occidit,
474 2281 678 2332 ntHerodianus
689 2282 779 2332 tradit.
817 2279 851 2328 lu.
872 2279 952 2329 thet.
985 2278 1107 2343 intellige
1116 2278 1223 2328 therma.
1233 2276 1352 2341 Spurtiu·

246 2356 331 2405 Furiis
350 2356 444 2407 deinde
466 2365 541 2406 actus
561 2374 592 2408 ae
610 2359 779 2410 eouscieutiae
817 2370 864 2405 nus
887 2357 913 2404 in
933 2355 988 2405 vita
1009 2369 1067 2418 cup·
1088 2359 1113 2405 9.
1129 2349 1241 2417 ‘Opera
1258 2353 1350 2402 Romoe

245 2431 365 2494 morulis,
386 2433 497 2496 primum
517 2441 626 2482 conatus
643 2439 684 2481 est
700 2432 778 2482 Getae
818 2429 922 2496 reliquit
934 2427 1350 2486 thermasuominissuieximius‚'

246 2507 778 2570 mutremocciderezsedterritus‚neau·
817 2510 875 2557 &u-
892 2506 969 2557 Adde
996 2506 1089 2558 Varius
1111 2504 1258 2555 Lectiones.
1288 2501 1351 2555 cett

246 2590 353 2644 geretur
372 2580 460 2631 fratris
481 2583 543 2632 eaesi
560 2583 779 2646 crudelitus‚Lru·
816 2583 906 2633 vineti
924 2590 953 2632 et
969 2583 1072 2632 Ceiiurii
1090 2596 1138 2645 pro
1155 2583 1244 2630 intueri
1259 2582 1350 2646 legen·

246 2663 310 2720 tum,
321 2658 363 2723 qui
377 2659 571 2708 intersuasores
590 2659 667 2709 Geta
686 2660 778 2711 mortis
819 2659 881 2709 tium
891 2660 1033 2708 thermarum
1042 2658 1193 2722 conjecturs
1204 2653 1350 2707 nouiuauis

247 2732 568 2797 primusiueret‚primnm
576 2734 721 2798 oeeidlt‚ue
733 2735 779 2785 uii-
817 2743 867 2796 est,
885 2735 907 2783 si
935 2735 1065 2797 Spartisui
1088 2734 1171 2783 iocum
1190 2732 1350 2797 perpendas.

246 2822 276 2857 os
284 2809 362 2859 caedis
371 2808 427 2873 ejus
436 2810 561 2873 conscios,
571 2824 629 2860 eum
637 2817 715 2860 autes
726 2825 779 2861 rus·
818 2809 857 2862 ct
865 2825 928 2859 vero
937 2810 1071 2860 Gruuerus
1080 2809 1173 2859 eudem
1180 2809 1256 2858 modu
1266 2811 1350 2873 serip-

246 2889 313 2934 trens
335 2884 412 2934 θείω
432 2899 463 2934 ae
482 2884 546 2934 alius
573 2886 693 2936 mulieres
717 2887 778 2936 eaesi
818 2894 872 2936 tum
884 2893 981 2947 censet,
997 2900 1048 2950 quo
1063 2884 1132 2948 apud
1148 2885 1254 2934 Solinst.
1270 2886 1350 2937 citit.

245 2965 354 3009 mortens
376 2957 479 3023 dentes,
500 2960 621 3011 occidere
634 2967 778 3013 tentarent.
816 2965 856 3009 ⁶8.
872 2962 880 2988 ‘
895 2963 942 3010 Est
955 2962 1026 3010 iocus
1041 2961 1066 3009 in
1081 2974 1198 3022 earcere,
1208 2959 1277 3024 quod
1287 2957 1350 3010 Tui·

245 3035 298 3084 Sed
306 3034 354 3083 hou
364 3035 429 3085 libet
440 3036 549 3099 primurn
558 3036 706 3098 ostendere,
723 3037 779 3087 He·
817 3034 913 3084 iiunrun
925 3031 1071 3098 appellatur
1080 3034 1095 3083 :’
1113 3034 1180 3098 quod
1196 3035 1222 3082 in
1233 3041 1350 3084 mentera

246 3109 378 3158 rodtsuom
401 3110 491 3160 dicere
512 3112 557 3161 lib.
580 3125 619 3161 rr.
643 3112 778 3177 utriusque
817 3112 894 3160 etiem
907 3112 967 3160 milri
974 3111 1029 3175 jum
1039 3115 1152 3160 'venerat
1163 3118 1233 3172 unte,
1246 3111 1292 3161 sed
1304 3123 1349 3162 ex·

237 3189 356 3232 'matrem
372 3183 469 3235 Juliam
486 3184 577 3250 fuisse,
587 3195 615 3237 at
625 3188 778 3251 Spartianus
816 3187 903 3250 empla
914 3187 1041 3251 ejusmodi
1058 3188 1142 3236 ubivis
1161 3188 1238 3237 obvia
1257 3201 1350 3253 parurn

246 3257 274 3307 iu
294 3256 391 3308 Severo
421 3260 467 3322 ait,
488 3261 612 3312 Severum
639 3262 705 3313 duas
734 3264 779 3312 ha·
816 3261 1020 3324 satisfaciebant,
1031 3264 1091 3327 quis
1102 3263 1145 3312 hic
1154 3264 1206 3312 loei
1214 3277 1350 3314 nnmerum

245 3334 333 3384 baisse
346 3349 454 3397 uxores3
473 3338 705 3405 Martium,enqnu
715 3342 778 3390 Bas-
816 3338 972 3401 singularem
993 3339 1110 3402 sequitur
1132 3339 1246 3401 ploretis,
1261 3337 1351 3404 quetis

246 3411 351 3472 sianus;
368 3419 394 3461 et
413 3413 628 3481 Joiiam,exqua
647 3417 717 3467 Geta
734 3432 779 3466 uu·
816 3415 842 3462 iu
870 3413 925 3463 aliis
956 3414 1143 3465 desiderabam.
1182 3416 1260 3465 Nunc
1286 3430 1349 3466 reru

247 3489 341 3538 tussit.
375 3491 452 3542 Quod
466 3491 568 3541 videtur
579 3494 726 3543 uerisimile.
744 3494 780 3543 Et
817 3499 914 3555 praesto
931 3499 1002 3553 snut,
1021 3506 1076 3556 quse
1097 3507 1199 3556 qnoque
1215 3503 1255 3540 urs
1273 3490 1351 3543 tudo·

245 3561 399 3613 Bursiauorn
422 3568 513 3615 iratum
536 3577 664 3628 novercae,
681 3578 708 3618 et
728 3567 779 3618 fru-
817 3574 890 3629 cunt,
907 3577 936 3619 ut
954 3568 1067 3618 Gruneri
1090 3581 1225 3633 meamque
1243 3576 1350 3618 seuten-

247 3645 313 3688 trem
338 3655 388 3689 nou
409 3643 536 3691 uterinum
557 3645 640 3693 miuus
659 3659 777 3694 amasse:
818 3644 879 3694 tium
889 3650 981 3693 tuear:
999 3643 1178 3692 ‘Incredibile
1189 3652 1239 3705 est,
1251 3655 1310 3708 quie
1319 3645 1349 3693 ii·

246 3721 376 3778 praeterea
394 3717 451 3779 pius
472 3729 560 3765 ausum
583 3719 609 3766 in
628 3733 778 3782 novercam,
817 3722 855 3770 los
864 3722 918 3768 scio
929 3720 1021 3770 fecisse
1032 3719 1048 3768 :’
1066 3719 1121 3770 Cic.
1140 3720 1209 3768 Fam.
1228 3733 1286 3770 xrt.
1304 3723 1348 3770 π.

246 3805 324 3856 quarn
335 3794 361 3841 in
372 3808 458 3842 veram
470 3803 587 3844 matrem.
605 3795 674 3846 Giar.
817 3807 892 3861 quern
909 3797 996 3845 iaudat
1014 3796 1069 3845 Cei.
1087 3796 1207 3846 Perisuu.
1217 3797 1248 3845 ad
1258 3797 1349 3848 Esset·

278 3869 390 3917 Aurelius
417 3869 561 3933 Antoninus]
592 3871 682 3920 Seueri
710 3870 778 3920 diius
819 3861 1348 3937 Min.rr.9.‘Carceriile,1priestaerd·

246 3941 339 4005 major.
358 3945 427 3993 Ginr.
816 3947 947 3998 deiissiruo
974 3959 1084 4014 tyranno
1113 3950 1239 4014 Dionysio
1261 3950 1347 4001 factm

280 4019 415 4082 Curocuiiu]
440 4019 636 4070 Arestrmento
649 4021 716 4086 qnod
734 4021 777 4071 de·
815 4024 957 4087 Syracusis,
976 4040 1034 4089 qun
1057 4025 1180 4074 Latomiae
1204 4023 1346 4076 vocantur!

245 4090 331 4152 derat,
344 4092 454 4144 demisso
467 4096 587 4160 usquead
598 4099 673 4147 talos
689 4097 777 4161 Spart.
811 4100 890 4149 Idem
910 4101 986 4150 verr.
1009 4115 1058 4150 vn.
1085 4102 1184 4150 citante
1203 4099 1296 4152 vossio
1313 4097 1346 4151 ds

247 4163 274 4214 iu
293 4165 399 4217 Severo.
434 4170 494 4220 Fuit
514 4172 556 4222 hie
584 4173 659 4224 Auno
679 4174 777 4225 Christi
816 4177 965 4227 construet.
975 4193 999 4228 c
1008 4182 1048 4228 do
1068 4175 1182 4242 Vertoyt
1272 4185 1276 4190 '
