3017 4859
256 330 322 400 ⁶⁴2
506 346 699 397 nneunsus
715 346 889 397 eonrcuu
913 346 1091 400 nunnoni

441 720 716 800 nucunsus
748 719 1005 822 conruunt
1035 716 1153 797 uss.

657 919 954 986 EUTROPII

336 1139 401 1194 QUI
415 1137 457 1192 ni
474 1137 734 1193 btumounucrs
751 1131 985 1193 amniculum
1002 1133 1264 1193 AESEEVA'N'IUR.

641 1371 957 1420 a?

299 1613 525 1698 Eoruorruu
546 1627 710 1694 curiosius
733 1624 938 1711 perlecturis,
962 1629 999 1690 ut
1022 1622 1129 1691 eutici
1148 1623 1267 1702 solent,
1288 1641 1346 1687 eo

256 1731 358 1812 dices,
386 1732 445 1818 qui
472 1736 661 1816 sequuntur,
684 1728 880 1806 Britannici,
899 1733 1015 1794 notatu
1028 1726 1118 1813 digni
1138 1725 1285 1793 rorasse·
1295 1716 1346 1820 vif-

256 1832 405 1900 benur.
880 1835 882 1838 ’

543 1988 670 2055 Codices
684 1985 719 2051 iu
733 1985 842 2054 Museo
862 1985 1056 2058 Britamrico.

291 2123 442 2190 ‘Bibliett
459 2121 538 2210 Reg.
560 2122 651 2189 1513
675 2139 755 2188 xvr.
778 2119 886 2190 codex
900 2123 957 2208 qui
971 2123 1129 2201 continet,
1149 2122 1182 2188 1.
1195 2121 1348 2207 Eutropii

245 2225 417 2291 'Romanae
434 2224 598 2289 Historiae
622 2222 712 2307 Epit.
733 2223 792 2288 lib.
808 2238 849 2288 x,
891 2224 924 2289 2.
946 2222 1044 2289 Pauli
1068 2224 1212 2289 Diaeeui
1237 2224 1346 2289 conti·

253 2325 420 2397 nuationis
434 2323 581 2409 ejusdem
594 2323 699 2388 libros
714 2318 766 2388 vr.
808 2323 841 2389 8.
856 2322 1007 2389 Victoris
1026 2321 1199 2391 Uticensis
1219 2325 1278 2390 lib.
1299 2325 1343 2389 de

253 2425 442 2492 vandalica
458 2423 704 2490 Persecutione.
740 2422 859 2489 codex
881 2426 1049 2508 antiquus,
1064 2427 1243 2491 membran.
1259 2445 1342 2492 suec.

254 2545 296 2594 x.
310 2528 365 2596 vei
380 2544 436 2592 xr.
495 2525 610 2591 Habet
630 2519 787 2610 quaedam
800 2525 982 2611 Eutropius
992 2523 1178 2612 interjecta,
1190 2528 1345 2593 sabulosa

254 2629 407 2694 Historia
420 2627 499 2693 Jani
514 2633 551 2690 et
564 2625 697 2693 Saturni
711 2626 931 2709 praecedente.
962 2627 1117 2694 Historia
1130 2627 1282 2714 Eutropii
1293 2629 1343 2694 sic

253 2728 389 2812 incipit:
411 2725 626 2792 ‘Romanum
647 2726 746 2809 igitur
767 2727 952 2810 imperium,
977 2747 1043 2811 quo
1065 2746 1171 2812 neque
1186 2729 1230 2792 ab
1246 2747 1344 2795 exet·

254 2829 310 2896 dio
323 2829 427 2895 ullum
442 2828 509 2894 tere
523 2829 647 2906 minus,
672 2846 779 2910 neque
793 2827 991 2894 incremento
1004 2833 1074 2893 tote
1092 2830 1171 2893 orbe
1186 2829 1343 2913 amplius,

252 2932 395 2995 humana
418 2934 529 3014 potest
552 2927 711 2993 memoria
734 2926 913 3005 recordari,
950 2948 972 2992 a
995 2927 1140 2994 Romulo
1165 2929 1342 2995 exordium

250 3032 367 3109 babet,
393 3030 450 3114 qui
463 3030 569 3094 Rheae
588 3028 703 3093 Silviae
725 3026 874 3092 Vestalis
888 3025 1047 3113 Virginis,
1060 3035 1100 3094 ut
1118 3030 1340 3114 praemissum,

253 3129 357 3208 tilius,
375 3138 421 3208 et,
445 3137 605 3214 quantum
619 3133 756 3214 putatus
770 3136 834 3207 est,
857 3128 989 3209 Martis,
1015 3149 1090 3195 cum
1113 3130 1222 3195 Remu
1242 3130 1342 3198 tratre

252 3248 318 3295 uno
333 3236 428 3314 partu
451 3230 560 3294 editus
578 3231 650 3295 est'
693 3228 870 3297 blutilatns
892 3221 1075 3298 est'cedex
1094 3233 1157 3297 sub
1179 3233 1256 3311 fine,
1278 3232 1342 3298 sed

252 3330 366 3414 quoad
380 3329 574 3414 Eutropium
586 3330 724 3413 integer,
739 3337 964 3416 exaratnsque
974 3332 1092 3397 nitide.

295 3431 338 3498 13
359 3431 387 3497 C
412 3447 461 3496 rv.
483 3428 640 3513 Eutropii
656 3431 749 3496 Hist.
762 3430 862 3496 Rern.
877 3432 953 3498 Lib.
970 3448 1009 3498 x.
1031 3436 1066 3497 et
1081 3433 1180 3499 Pauli
1194 3434 1339 3501 Diuooni

251 3531 504 3598 continuationis
518 3531 666 3616 ejusdem
689 3531 763 3596 Lib.
780 3547 831 3597 vr.
854 3552 930 3598 eum
951 3533 1064 3599 multis
1085 3533 1162 3600 aliis
1183 3535 1340 3601 continet.

252 3631 337 3698 Cori.
352 3632 490 3697 illumin.
504 3639 538 3695 et
549 3632 714 3715 eleganter
727 3642 897 3699 exaratus.
919 3634 1008 3699 Sese.
1024 3651 1087 3699 xv.

292 3733 335 3804 15
356 3732 385 3798 C
407 3749 458 3797 vr.
479 3749 553 3797 eum
574 3733 648 3798 aliis
668 3733 880 3816 amplectitur
899 3731 978 3818 (art.
992 3732 1042 3819 2.)
1063 3734 1215 3820 Eutropii
1235 3733 1336 3802 Rom.

251 3832 343 3899 Hist.
372 3833 447 3898 Lib.
472 3850 511 3898 x.
540 3839 575 3898 et
598 3832 697 3899 Pauli
724 3833 868 3900 Diaconi
891 3821 1151 3901 continuationis
1184 3834 1262 3902 Lib.
1284 3851 1336 3902 vr.

250 3933 434 3999 Membron.
450 3953 531 4000 sae.
547 3950 619 4001 xri.

293 4032 445 4099 Bittiott.
462 4034 557 4100 Harl.
580 4035 625 4101 N.
640 4037 717 4102 654.
740 4035 860 4102 Codex
885 4035 1073 4104 Membran.
1096 4040 1132 4104 in
1150 4039 1221 4103 ito.
1243 4039 1335 4106 eirea

248 4151 330 4204 soee.
343 4149 424 4204 xiv.
445 4139 628 4219 continens,
664 4140 695 4205 1.
717 4138 872 4225 Eutropii
897 4138 990 4207 Hist.
1013 4139 1200 4207 nummu
1217 4155 1256 4206 X.
1300 4143 1334 4208 2.
