3017 4859
214 359 283 426 322
461 339 571 424 uorat
594 368 799 422 carrorum
822 369 864 419 m
890 369 1070 420 anruorn

214 515 293 576 sisse3
310 513 357 565 sed
373 526 506 563 nnmerum
517 512 610 565 minuit
620 513 698 563 Oros.
706 525 746 562 rr.
784 514 871 578 Prorm
883 515 985 580 Syrium
997 515 1126 566 Minorem
1137 512 1164 563 in
1175 512 1315 564 brerisiu·

214 598 240 646 a.
272 592 487 644 At,Diod.Slrul.
505 592 747 655 nimiumquantnm
783 590 918 640 ciderunt:
947 591 1007 639 inde
1028 604 1097 654 egre
1122 589 1235 651 liberati,
1256 603 1316 639 cnm

214 677 304 733 anget,
327 682 415 733 equo
437 677 524 717 tamen
545 667 691 730 scrupulus,
714 666 747 713 ed
784 665 1315 727 domumreverterentur,‘circumlinu-

214 742 439 810 quemollendunt
452 742 526 792 Anna
542 743 572 792 P.
590 748 617 790 et
633 741 748 802 Heame,
785 757 840 791 rum
867 742 1093 806 Promontorium,’
1120 742 1190 806 quod
1218 740 1316 791 Penios

215 821 332 880 rnilitum
350 819 410 867 dnm
433 833 466 868 ex
485 834 516 868 eo
533 818 657 881 colligere
676 819 749 878 iicet,
783 819 1026 880 DiacounsadJicit‚
1037 827 1078 865 sut
1091 818 1159 865 inter
1169 817 1317 866 sicilismct

216 908 306 957 utres,
322 909 387 959 quas
406 894 523 958 superius
540 900 694 943 memoratas
712 894 748 942 vi·
785 895 898 952 ltaliam,
909 901 938 944 ut
958 895 1078 957 Polybius
1088 894 1176 952 babet,
1185 900 1258 943 tauta
1267 906 1315 956 op·

214 973 309 1035 dimus,
330 974 420 1035 longas
441 970 528 1034 iniere,
551 978 578 1020 et
600 971 638 1019 bis
658 978 748 1034 postea
785 971 868 1033 pressi
890 978 949 1018 rrrnt
969 977 1135 1032 tempestate,
1157 969 1220 1017 licre
1238 965 1314 1018 cisio

214 1046 356 1110 onerarias,
376 1047 479 1112 aliaque
496 1047 609 1110 navigia,
624 1055 654 1097 ut
669 1047 747 1112 Poly·
783 1048 832 1093 reis
841 1044 926 1095 luroris
944 1045 983 1094 rol
995 1043 1143 1102 πεντήκοντα
1158 1043 1247 1092 rnolur
1257 1043 1315 1093 bro·

214 1122 271 1173 bins
283 1122 366 1183 addit,
383 1124 746 1187 necessisse‚qnoenumerum
784 1125 965 1182 detrimen
976 1121 1184 1170 minueretis&
1201 1120 1267 1169 cett
1286 1160 1291 1169 .

216 1198 248 1250 ab
282 1197 400 1248 Auctore
427 1199 558 1261 prolatum
594 1196 746 1249 effecerunt.
819 1197 983 1259 combures]
999 1197 1095 1246 Clades
1106 1196 1132 1243 in
1143 1195 1215 1244 mari.
1234 1195 1304 1246 Glsr.

199 1312 201 1314 .
219 1271 338 1336 Verleyk.
816 1274 857 1322 ,ts
866 1271 1016 1336 presidium]
1041 1272 1076 1321 Et
1093 1270 1252 1334 importandi
1260 1268 1314 1320 fru-

248 1345 518 1412 Nooesrepsrooerast]
539 1348 684 1400 Undecimo
703 1364 747 1399 on·
784 1349 866 1398 menti
877 1349 968 1413 gratia.
987 1349 1058 1396 Glor.

214 1439 249 1475 no
260 1426 332 1476 Coss.
345 1425 396 1476 Au.
408 1425 503 1479 Attilio
520 1432 547 1475 et
565 1427 613 1476 Cu.
625 1428 746 1478 Cornelio
817 1426 883 1474 Cre.
892 1429 933 1474 at.
950 1424 980 1473 t.
993 1424 1089 1473 Coedlio
1100 1423 1209 1487 Metello]
1232 1423 1314 1475 Coci-

213 1499 337 1564 Scipione
355 1500 444 1564 Asina,
459 1501 603 1551 Panormus
614 1505 747 1567 praecipua
783 1500 811 1549 lii
822 1501 926 1549 Metelli
937 1500 1048 1549 interes
1065 1506 1126 1549 sunt
1134 1500 1313 1565 nuntiumque

215 1576 455 1640 Cottbsgincnsium
465 1578 525 1625 urbs
537 1578 563 1626 in
573 1578 686 1629 Siciliae
698 1580 747 1629 Ro-
768 1571 770 1574 ’
784 1590 824 1624 res
847 1576 977 1626 Romanos
998 1577 1145 1640 legentibus
1169 1577 1315 1628 molestiam

213 1652 298 1702 manis
315 1652 426 1716 cupitur,
449 1652 546 1716 parutis
563 1655 595 1702 sd
614 1668 670 1703 eam
691 1669 746 1703 rem
784 1651 907 1701 exbibete
927 1652 1019 1716 solent,
1035 1667 1094 1702 cum
1111 1654 1207 1718 passim
1224 1668 1315 1705 occur·

214 1735 273 1778 ccc.
285 1726 403 1789 naribus,
414 1741 464 1777 non
482 1727 602 1778 ducentis
619 1742 665 1779 xx.
675 1736 746 1779 vete·
783 1735 851 1790 rsnt,
869 1742 917 1778 nec
936 1728 1113 1778 internoscere
1131 1742 1219 1779 omnes
1237 1727 1315 1779 focile

214 1805 286 1855 ribus
302 1817 386 1856 mx.
408 1804 549 1869 adjunctis,
564 1820 623 1855 cum
641 1807 747 1856 Cartba-
783 1806 875 1867 possis.
908 1804 1070 1854 Lcaecilim
1080 1804 1205 1854 Metellus
1214 1804 1313 1855 Consul

214 1880 345 1943 ginienses
367 1881 446 1930 etism
463 1892 546 1931 ccxx.
568 1881 745 1934 adornassent.
784 1879 817 1927 ad
828 1894 923 1928 anunm
934 1879 1005 1928 nrbis
1016 1892 1068 1928 uu.
1087 1879 1130 1945 qni
1142 1878 1224 1943 primo
1235 1879 1314 1930 Puni·

216 1957 286 2006 Glor.
319 1957 445 2021 Polybius
465 1962 551 2005 tamen
567 1968 587 2006 1.
603 1960 643 2006 ts.
663 1955 746 2008 refert
783 1968 815 2003 co
833 1953 901 2004 bello
921 1954 1073 2017 elephantos
1092 1956 1174 2018 cepit,
1190 1954 1314 2006 Pontifex

214 2044 295 2081 ccxx.
315 2045 396 2082 nores
418 2047 434 2081 a
455 2030 578 2081 Romanis
604 2030 747 2082 edificatae
783 2030 857 2079 Max.
875 2028 937 2092 fuit,
955 2031 1087 2092 Dictator,
1104 2031 1227 2093 magister
1243 2031 1315 2095 eqni·

214 2105 302 2157 fuisse.
323 2106 440 2168 Verbepk.
784 2113 849 2171 tom,
866 2096 1054 2172 quindecimvir
1065 2108 1252 2170 egrisdsndist
1270 2108 1314 2158 cui

246 2180 368 2242 fufrcrtm
378 2181 444 2245 suit]
461 2183 545 2233 loom
554 2183 658 2249 Virgilii
669 2199 745 2250 qnem
784 2185 895 2248 populus
905 2184 1036 2233 Romanus
1054 2183 1156 2246 tribuit,
1170 2189 1200 2232 ut
1210 2183 1313 2250 quoties

214 2256 298 2307 citent
317 2257 349 2307 D.
359 2258 393 2307 V.
412 2265 454 2308 est
473 2258 531 2309 AEu.
548 2273 590 2310 ιι.
600 2265 658 2312 490.
677 2260 745 2311 adde
783 2259 810 2309 in
820 2260 945 2311 Senatum
955 2260 1014 2323 iret,
1030 2274 1108 2310 curru
1125 2260 1264 2310 veheretur
1278 2258 1312 2310 nd

214 2347 242 2382 v.
263 2329 320 2382 ror.
341 2346 390 2383 cn.
411 2339 468 2384 882.
488 2348 539 2385 xrr.
562 2342 587 2386 t.
628 2339 745 2390 Quor-nm
783 2334 942 2397 Curiam,ob
954 2335 1182 2404 oeulosincendio
1197 2337 1314 2401 umissos,

213 2407 333 2472 quedam
344 2407 459 2458 citantor
477 2425 493 2459 a
508 2410 637 2461 Glareano
653 2412 686 2461 ad
702 2413 744 2463 Li·
782 2426 841 2462 cnm
851 2411 996 2461 Palladium
1004 2426 1036 2462 ex
1043 2412 1100 2462 aede
1108 2412 1197 2463 Vestis
1204 2412 1313 2464 ardente

213 2482 283 2532 vium
294 2486 383 2537 utto.
405 2484 448 2548 qui
468 2484 581 2547 dubitat,
599 2501 650 2549 quo
669 2502 744 2538 sensu
782 2494 887 2553 reperet
906 2488 949 2556 (nt
957 2490 1075 2539 narrarit
1089 2489 1178 2556 Livius
1193 2490 1212 2538 l.
1224 2487 1311 2554 nx.):

212 2557 367 2621 capiendum
386 2559 436 2608 sit:
454 2559 500 2608 sed
522 2560 676 2623 simpliciter
697 2577 744 2626 pro
781 2562 862 2612 tilium
872 2564 963 2613 habuit
974 2566 1008 2617 Q.
1018 2564 1150 2615 Caecilium
1166 2564 1313 2628 Metellum,

206 2634 304 2694 fruetus
316 2635 381 2685 sumi
402 2636 507 2700 debere,
527 2654 605 2703 quam
627 2641 744 2702 plurimis
781 2640 853 2689 illum
865 2640 910 2704 qni
925 2640 1069 2690 orationem
1080 2640 1170 2690 babuit
1184 2639 1312 2704 supremis

212 2711 339 2775 exemplis
346 2711 527 2776 comprobarit
538 2714 594 2765 Cel.
605 2716 742 2768 Drakenb.
781 2714 901 2764 laudibus
913 2714 1042 2777 patrissui
1054 2713 1127 2778 Lucii
1136 2714 1256 2766 Metelli:
1273 2721 1312 2765 st·

217 2787 333 2852 Verieplr.
783 2804 833 2854 qne
844 2797 922 2853 puter
935 2789 986 2839 fuit
996 2790 1115 2856 (auctore
1126 2792 1212 2842 Plinio
1224 2793 1241 2842 Ι.
1249 2790 1313 2854 vu.)

246 2863 313 2914 Cae.
323 2868 364 2915 28.
388 2866 434 2916 Cn.
445 2866 560 2917 Seruilius
576 2867 666 2932 Coepio,
676 2874 698 2917 et
713 2871 743 2921 C.
782 2867 815 2918 Q,
835 2867 936 2917 Caecilii
951 2867 1063 2929 Metelli,
1081 2867 1148 2916 illius
1166 2866 1311 2918 felicissimi

212 2937 365 3003 Sempronius
379 2941 483 3004 Bloesus]
505 2943 539 2993 U.
551 2945 580 2994 C.
598 2948 656 2994 500.
689 2945 743 2995 Hic
780 2942 873 3004 babiti,
898 2943 941 3007 qui
962 2949 1071 3006 receptu
1100 2943 1256 2993 Macedonis
1276 2943 1310 2993 de

211 3020 253 3062 est
264 3026 345 3062 annus
363 3027 416 3064 ιιι.
427 3016 502 3077 bujns
514 3017 586 3066 belli.
619 3020 678 3069 Quo
698 3034 743 3068 an·
781 3016 909 3067 Andrisco
929 3017 1151 3083 Pseudophilippo
1172 3019 1244 3070 dicto
1266 3020 1311 3070 tri·

210 3100 244 3136 uo
256 3085 369 3136 Romani
381 3089 409 3136 in
420 3089 537 3140 Africum
547 3092 605 3153 lati,
615 3092 678 3141 nihil
689 3107 743 3143 me·
780 3092 922 3157 umpbuvit,
940 3093 972 3142 ad
986 3107 1080 3143 annom
1094 3083 1173 3144 Urbis
1184 3108 1270 3146 ncvrt.
1281 3102 1310 3147 et

210 3167 313 3211 moratu
323 3160 428 3224 dignum
444 3178 564 3226 gessere:
582 3166 629 3216 scd
647 3166 685 3216 bia
704 3167 742 3217 af·
780 3168 964 3218 Macedonicus
974 3177 1016 3219 est
1026 3169 1229 3233 cognominatus.
1245 3171 1311 3221 Por·

209 3236 277 3287 flicti
294 3238 366 3299 msri,
385 3241 466 3290 semel
482 3239 514 3289 od
529 3241 741 3305 Lotophagorunt
780 3243 846 3293 ticus
855 3243 1142 3307 fecitRonree,tormnm
1149 3248 1309 3312 equestrium

208 3312 328 3378 intulsm,
345 3328 403 3378 quae
424 3315 539 3379 Myrmix
564 3317 668 3381 dicitur,
689 3333 741 3369 nou
778 3326 920 3370 statuarum
939 3321 965 3369 in
989 3322 1120 3385 Capitolio
1140 3322 1227 3386 posuit
1247 3323 1309 3390 (boc

209 3389 286 3453 longe
308 3404 325 3439 s
346 3404 427 3453 parve
450 3391 538 3455 Syrte,
560 3393 604 3446 ubi
630 3395 740 3444 natibus
779 3396 860 3446 tradit
885 3398 1042 3448 Paterculns
1067 3398 1145 3462 tu),
1161 3399 1308 3453 Celtiberos

210 3464 291 3530 elapsi
305 3465 467 3529 adprehenso
484 3467 581 3530 Sicilia,
595 3471 741 3519 cumaPa·
778 3478 883 3535 gentem
912 3473 1056 3536 Hispanam
1083 3475 1223 3532 debellavit
1246 3477 1308 3542 (boc

209 3553 299 3591 normo
309 3541 337 3591 in
353 3540 458 3590 Italiam
469 3542 555 3592 redire
567 3544 673 3606 vellent,
683 3553 740 3594 orta
778 3549 888 3612 Plinius,
905 3549 1004 3614 Nepos,
1019 3557 1049 3600 et
1060 3550 1091 3600 Is
1100 3548 1206 3601 Annene
1223 3551 1242 3602 l.
1254 3551 1307 3617 tn),

209 3623 363 3680 tempestate
374 3630 413 3668 ct.
426 3632 504 3668 naves
511 3620 628 3669 amisere.
651 3622 739 3673 Quare
778 3639 867 3688 parum
890 3625 983 3692 abfuit,
1000 3629 1063 3693 quin
1081 3644 1098 3678 e
1116 3645 1178 3681 saxo
1196 3632 1308 3697 Tarpeio

208 3690 259 3741 Bo.
275 3692 302 3743 S.
319 3692 350 3743 C.
370 3692 466 3756 fecere,
484 3694 665 3744 abstinendum
681 3710 739 3746 esse
777 3701 957 3765 precipitatus
965 3703 1008 3754 sit.
1035 3704 1308 3769 Consnlpostmnltas

208 3766 280 3822 miri.
312 3767 351 3819 At
366 3781 411 3818 tx.
426 3784 507 3819 neres
517 3770 673 3833 importandi
687 3769 739 3821 fru-
776 3779 892 3838 repulsas
908 3778 952 3827 rix
970 3777 1021 3829 fuit
1036 3778 1130 3844 frctus,
1147 3796 1216 3833 anuo
1233 3784 1322 3844 urbis,

207 3842 290 3893 menti
301 3843 395 3908 gratia,
405 3860 435 3896 uc
447 3844 480 3894 ad
491 3845 576 3895 italie
588 3847 738 3909 presidium
777 3864 854 3908 next·
886 3853 938 3908 Set
957 3853 1052 3906 liberos
1070 3857 1186 3921 reliquit,
1197 3873 1306 3923 quorum

207 3916 355 3972 deterunt.
387 3919 464 3971 Auno
483 3933 545 3971 xru.
565 3921 628 3972 nibil
650 3933 737 3975 actum
775 3933 884 3990 qrtatnor
895 3928 1036 3980 Plutarcho
1044 3929 1078 3980 do
1087 3931 1204 3983 Fortuna
1215 3936 1307 3986 Roma·

207 3992 320 4044 refertur
331 3995 476 4060 aPolybio.
492 3999 562 4048 Glor.
774 4015 865 4052 norom
882 4004 920 4052 sic
937 4005 1116 4068 appellentur:
1141 4007 1256 4072 Primus.
1270 4011 1306 4065 Q·

241 4067 405 4131 Nossrocius
411 4075 476 4135 possi
484 4075 553 4138 sust]
576 4076 687 4127 Navium
697 4078 737 4129 nf-
774 4078 894 4130 Cecllius
905 4081 1038 4145 Metellos,
1048 4084 1092 4148 qul
1102 4099 1118 4133 a
1128 4084 1243 4140 subactis
1254 4088 1307 4139 ns·

205 4139 357 4206 dictionem,
364 4146 396 4195 ad
404 4148 500 4211 Syrtim
509 4165 629 4215 parvum:
643 4154 689 4203 sed
700 4155 736 4204 nl‹
772 4153 887 4205 lentibus
898 4155 997 4216 insulis,
1005 4158 1154 4210 Balearicus
1160 4165 1201 4211 est
1208 4161 1305 4226 dictus,

207 4226 249 4278 itt
260 4219 426 4288 Pacorum,
439 4222 652 4294 submersionem.
666 4230 735 4283 Glcr.
773 4227 808 4280 ad
824 4243 919 4283 smum
936 4232 1015 4285 Urbis
1030 4243 1148 4290 noun.
1160 4236 1306 4305 Secundus,
